2654 4470
281 438 656 501 Woaosavoarffis
680 440 976 501 “maurusia”
1064 460 1102 517 23

482 682 619 760 Lympha
641 683 760 758 loquax.
817 662 819 669 ἲ

265 838 303 897 In
324 838 432 899 vallem
452 836 533 897 facili
553 838 650 898 cernis
672 849 705 900 ut
725 838 841 899 ambitu

266 937 464 998 Descendens
484 935 610 998 viridem
632 937 756 1016 lympha
776 938 888 1014 loquax
910 934 995 997 salitl

266 1035 336 1111 Quo
353 1035 489 1112 jucunda
507 1034 600 1096 hodie
620 1052 772 1096 murmure
792 1033 896 1095 defluit

346 1133 452 1210 Longa
472 1132 504 1192 in
525 1132 636 1193 saecula
657 1132 777 1194 defluet.

267 1297 350 1356 Inter
370 1294 492 1358 delicias
512 1297 599 1358 Veris
620 1296 774 1369 amabiles,

265 1394 294 1452 A
314 1405 397 1471 grata
417 1395 476 1456 hoc
497 1414 617 1472 nequeo
638 1405 740 1457 mente
760 1394 912 1473 repellere,

267 1490 359 1567 Quod
380 1511 461 1570 saepe
481 1491 531 1554 hic
548 1492 630 1572 jacui
651 1491 761 1555 viribus
780 1490 902 1572 integris

348 1590 418 1653 Cari
439 1590 471 1650 in
492 1591 625 1672 margine
644 1591 737 1654 rivuli.
790 1617 793 1622 ·

268 1755 359 1816 Nunc
378 1774 450 1833 ergo
470 1755 600 1817 insolitae
620 1766 713 1836 guttae
733 1755 839 1817 oculos
859 1755 984 1833 replent,

269 1854 488 1931 Incassumque
507 1852 615 1915 iterum
637 1865 760 1932 pectora
780 1851 937 1932 palpitant,

269 1952 352 2012 Dum
373 1964 463 2014 notos
483 1952 600 2014 sonitus
621 1951 763 2032 percipio,
785 1950 896 2031 quibus

348 2051 528 2114 Gaudebam
549 2050 639 2113 toties
660 2070 741 2128 puer.

268 2212 318 2274 Sic
338 2215 454 2293 plorare
474 2233 562 2275 senes
583 2213 725 2291 cogimur.
768 2215 913 2273 Attamen

268 2310 307 2383 Ο,
329 2308 355 2370 si
375 2309 450 2388 quid
470 2309 577 2388 sapias,
600 2314 752 2382 Postume,
775 2319 809 2370 tu
829 2308 930 2368 minus

269 2407 402 2469 Plorabis
422 2405 508 2468 senio
527 2405 652 2486 perdita,
675 2424 767 2484 quam
789 2403 843 2466 tibi

350 2504 428 2579 Quae
449 2523 590 2565 mansura
610 2501 767 2580 superstiti.

939 2644 1025 2719 1889.

478 3099 580 3174 Quare
597 3097 691 3158 Musa
711 3096 776 3155 silet
785 3095 799 3152 l

270 3249 383 3308 “Inter
403 3245 526 3309 delicias
546 3244 631 3306 ruris
642 3243 785 3305 amabiles

271 3344 401 3419 “Quare
422 3344 514 3404 Musa
533 3331 649 3403 silet?’'
668 3338 856 3420 prospiciens
875 3355 971 3416 rogas,

270 3438 446 3516 “Quamvis
467 3439 623 3499 illecebras
643 3446 715 3497 aute
734 3435 840 3497 oculos
860 3453 930 3494 suas

352 3538 494 3596 “Natura
514 3534 643 3613 explicet
662 3532 794 3595 artifex.”
