<?xml version="1.0" encoding="UTF-8"?>
<!DOCTYPE html PUBLIC "-//W3C//DTD XHTML 1.0 Transitional//EN"
    "http://www.w3.org/TR/xhtml1/DTD/xhtml1-transitional.dtd">
<html xmlns="http://www.w3.org/1999/xhtml" xml:lang="en" lang="en">
 <head>
  <title>
</title>
<meta http-equiv="Content-Type" content="text/html;charset=utf-8" />
  <meta name='ocr-system' content='tesseract 3.04.00' />
  <meta name='ocr-capabilities' content='ocr_page ocr_carea ocr_par ocr_line ocrx_word'/>
</head>
<body>
  <div class='ocr_page' id='page_1' title='image "./intervallaverse00denmgoog_0060.png"; bbox 0 0 2654 4470; ppageno 0'>
   <div class='ocr_carea' id='block_1_1' title="bbox 306 454 1089 542">
    <p class='ocr_par' dir='ltr' id='par_1_1' title="bbox 306 454 1089 542">
     <span class='ocr_line' id='line_1_1' title="bbox 306 454 1089 542; baseline 0 -29"><span class='ocrx_word' id='word_1_1' title='bbox 306 454 424 514; x_wconf 74' lang='lat' dir='ltr'><strong>uras</strong></span> <span class='ocrx_word' id='word_1_2' title='bbox 448 454 603 514; x_wconf 67' lang='lat' dir='ltr'><strong>enarr</strong></span> <span class='ocrx_word' id='word_1_3' title='bbox 630 455 719 542; x_wconf 70' lang='lat' dir='ltr'><strong>Hm</strong></span> <span class='ocrx_word' id='word_1_4' title='bbox 727 454 917 515; x_wconf 74' lang='lat' dir='ltr'><strong>usALEM.</strong></span> <span class='ocrx_word' id='word_1_5' title='bbox 1050 471 1089 530; x_wconf 76' lang='lat'><strong>39</strong></span> 
     </span>
    </p>
   </div>
   <div class='ocr_carea' id='block_1_2' title="bbox 126 607 1025 1175">
    <p class='ocr_par' dir='ltr' id='par_1_2' title="bbox 129 607 920 786">
     <span class='ocr_line' id='line_1_2' title="bbox 129 607 920 683; baseline 0.004 -15"><span class='ocrx_word' id='word_1_6' title='bbox 129 607 279 669; x_wconf 82' lang='lat' dir='ltr'><strong>Plurimus</strong></span> <span class='ocrx_word' id='word_1_7' title='bbox 298 621 329 671; x_wconf 88' lang='lat' dir='ltr'><strong>et</strong></span> <span class='ocrx_word' id='word_1_8' title='bbox 351 629 483 671; x_wconf 88' lang='lat' dir='ltr'><strong>summas</strong></span> <span class='ocrx_word' id='word_1_9' title='bbox 503 610 583 671; x_wconf 83' lang='lat' dir='ltr'><strong>aedes</strong></span> <span class='ocrx_word' id='word_1_10' title='bbox 604 611 804 673; x_wconf 85' lang='lat' dir='ltr'><strong>carbunculus</strong></span> <span class='ocrx_word' id='word_1_11' title='bbox 825 621 920 683; x_wconf 86' lang='lat' dir='ltr'><strong>ornat,</strong></span> 
     </span>
     <span class='ocr_line' id='line_1_3' title="bbox 168 704 888 786; baseline 0 -20"><span class='ocrx_word' id='word_1_12' title='bbox 168 708 312 783; x_wconf 85' lang='lat' dir='ltr'><strong>Auroque</strong></span> <span class='ocrx_word' id='word_1_13' title='bbox 333 704 442 767; x_wconf 87' lang='lat' dir='ltr'><strong>eximio</strong></span> <span class='ocrx_word' id='word_1_14' title='bbox 463 717 554 767; x_wconf 85' lang='lat' dir='ltr'><strong>strata</strong></span> <span class='ocrx_word' id='word_1_15' title='bbox 574 707 745 786; x_wconf 91' lang='lat' dir='ltr'><strong>ubicunque</strong></span> <span class='ocrx_word' id='word_1_16' title='bbox 765 706 814 768; x_wconf 85' lang='lat' dir='ltr'><strong>via</strong></span> <span class='ocrx_word' id='word_1_17' title='bbox 833 718 888 768; x_wconf 85' lang='lat' dir='ltr'><strong>est.</strong></span> 
     </span>
    </p>

    <p class='ocr_par' dir='ltr' id='par_1_3' title="bbox 127 801 934 977">
     <span class='ocr_line' id='line_1_4' title="bbox 127 801 924 875; baseline 0.003 -15"><span class='ocrx_word' id='word_1_18' title='bbox 127 803 182 873; x_wconf 90' lang='lat' dir='ltr'><strong>Te,</strong></span> <span class='ocrx_word' id='word_1_19' title='bbox 204 801 315 864; x_wconf 85' lang='lat' dir='ltr'><strong>dilecta</strong></span> <span class='ocrx_word' id='word_1_20' title='bbox 335 804 444 875; x_wconf 90' lang='lat' dir='ltr'><strong>Salem,</strong></span> <span class='ocrx_word' id='word_1_21' title='bbox 466 804 575 864; x_wconf 86' lang='lat' dir='ltr'><strong>vellem</strong></span> <span class='ocrx_word' id='word_1_22' title='bbox 596 802 670 862; x_wconf 90' lang='lat' dir='ltr'><strong>mihi</strong></span> <span class='ocrx_word' id='word_1_23' title='bbox 691 803 775 864; x_wconf 87' lang='lat' dir='ltr'><strong>adire</strong></span> <span class='ocrx_word' id='word_1_24' title='bbox 796 803 924 874; x_wconf 88' lang='lat' dir='ltr'><strong>daretur,</strong></span> 
     </span>
     <span class='ocr_line' id='line_1_5' title="bbox 167 899 934 977; baseline 0 -17"><span class='ocrx_word' id='word_1_25' title='bbox 167 899 326 961; x_wconf 87' lang='lat' dir='ltr'><strong>Terminus</strong></span> <span class='ocrx_word' id='word_1_26' title='bbox 347 912 381 961; x_wconf 91' lang='lat' dir='ltr'><strong>ut</strong></span> <span class='ocrx_word' id='word_1_27' title='bbox 401 899 529 960; x_wconf 88' lang='lat' dir='ltr'><strong>lacrimis</strong></span> <span class='ocrx_word' id='word_1_28' title='bbox 549 900 659 977; x_wconf 79' lang='lat' dir='ltr'><strong>gaudia</strong></span> <span class='ocrx_word' id='word_1_29' title='bbox 679 920 797 961; x_wconf 88' lang='lat' dir='ltr'><strong>summa</strong></span> <span class='ocrx_word' id='word_1_30' title='bbox 816 903 934 962; x_wconf 81' lang='lat' dir='ltr'><strong>forent!</strong></span> 
     </span>
    </p>

    <p class='ocr_par' dir='ltr' id='par_1_4' title="bbox 126 997 1025 1175">
     <span class='ocr_line' id='line_1_6' title="bbox 126 997 1025 1076; baseline 0.002 -18"><span class='ocrx_word' id='word_1_31' title='bbox 126 998 210 1059; x_wconf 82' lang='lat' dir='ltr'><strong>Stare</strong></span> <span class='ocrx_word' id='word_1_32' title='bbox 230 999 301 1073; x_wconf 90' lang='lat' dir='ltr'><strong>Deo</strong></span> <span class='ocrx_word' id='word_1_33' title='bbox 321 1002 440 1058; x_wconf 82' lang='lat' dir='ltr'><strong>eoram!</strong></span> <span class='ocrx_word' id='word_1_34' title='bbox 483 997 601 1059; x_wconf 79' lang='lat' dir='ltr'><strong>Sanctis</strong></span> <span class='ocrx_word' id='word_1_35' title='bbox 622 999 681 1059; x_wconf 92' lang='lat' dir='ltr'><strong>hoc</strong></span> <span class='ocrx_word' id='word_1_36' title='bbox 701 999 806 1076; x_wconf 88' lang='lat' dir='ltr'><strong>pulcra</strong></span> <span class='ocrx_word' id='word_1_37' title='bbox 826 1017 939 1061; x_wconf 88' lang='lat' dir='ltr'><strong>corona</strong></span> <span class='ocrx_word' id='word_1_38' title='bbox 959 1010 1005 1061; x_wconf 89' lang='lat' dir='ltr'><strong>est</strong></span> <span class='ocrx_word' id='word_1_39' title='bbox 1016 1021 1025 1072; x_wconf 81' lang='lat'><em>3</em></span> 
     </span>
     <span class='ocr_line' id='line_1_7' title="bbox 168 1092 921 1175; baseline 0.001 -19"><span class='ocrx_word' id='word_1_40' title='bbox 168 1092 318 1174; x_wconf 83' lang='lat' dir='ltr'><strong>Perpetuo</strong></span> <span class='ocrx_word' id='word_1_41' title='bbox 337 1097 397 1157; x_wconf 89' lang='lat' dir='ltr'><strong>hoc</strong></span> <span class='ocrx_word' id='word_1_42' title='bbox 417 1096 529 1157; x_wconf 85' lang='lat' dir='ltr'><strong>sanctis</strong></span> <span class='ocrx_word' id='word_1_43' title='bbox 549 1097 639 1168; x_wconf 87' lang='lat' dir='ltr'><strong>fama,</strong></span> <span class='ocrx_word' id='word_1_44' title='bbox 660 1097 836 1175; x_wconf 88' lang='lat' dir='ltr'><strong>triumphus,</strong></span> <span class='ocrx_word' id='word_1_45' title='bbox 859 1099 921 1158; x_wconf 88' lang='lat' dir='ltr'><strong>erit.</strong></span> 
     </span>
    </p>
   </div>
   <div class='ocr_carea' id='block_1_3' title="bbox 125 1244 1057 2012">
    <p class='ocr_par' dir='ltr' id='par_1_5' title="bbox 125 1244 1057 2012">
     <span class='ocr_line' id='line_1_8' title="bbox 127 1244 889 1323; baseline 0.004 -18"><span class='ocrx_word' id='word_1_46' title='bbox 127 1247 202 1322; x_wconf 89' lang='lat' dir='ltr'><strong>Nos,</strong></span> <span class='ocrx_word' id='word_1_47' title='bbox 224 1244 335 1307; x_wconf 89' lang='lat' dir='ltr'><strong>misero</strong></span> <span class='ocrx_word' id='word_1_48' title='bbox 355 1244 444 1307; x_wconf 86' lang='lat' dir='ltr'><strong>exilio</strong></span> <span class='ocrx_word' id='word_1_49' title='bbox 465 1244 553 1323; x_wconf 89' lang='lat' dir='ltr'><strong>capti,</strong></span> <span class='ocrx_word' id='word_1_50' title='bbox 576 1245 641 1306; x_wconf 91' lang='lat' dir='ltr'><strong>sine</strong></span> <span class='ocrx_word' id='word_1_51' title='bbox 661 1247 721 1308; x_wconf 86' lang='lat' dir='ltr'><strong>fine</strong></span> <span class='ocrx_word' id='word_1_52' title='bbox 742 1248 889 1320; x_wconf 85' lang='lat' dir='ltr'><strong>dolemus,</strong></span> 
     </span>
     <span class='ocr_line' id='line_1_9' title="bbox 166 1340 1057 1426; baseline 0.003 -24"><span class='ocrx_word' id='word_1_53' title='bbox 166 1342 327 1421; x_wconf 86' lang='lat' dir='ltr'><strong>Singultus,</strong></span> <span class='ocrx_word' id='word_1_54' title='bbox 350 1340 503 1416; x_wconf 72' lang='lat' dir='ltr'><strong>lacrimas·</strong></span> <span class='ocrx_word' id='word_1_55' title='bbox 522 1353 686 1419; x_wconf 84' lang='lat' dir='ltr'><strong>maestaque</strong></span> <span class='ocrx_word' id='word_1_56' title='bbox 707 1344 798 1404; x_wconf 87' lang='lat' dir='ltr'><strong>verba</strong></span> <span class='ocrx_word' id='word_1_57' title='bbox 819 1345 926 1406; x_wconf 86' lang='lat' dir='ltr'><strong>damus</strong></span> <span class='ocrx_word' id='word_1_58' title='bbox 936 1366 946 1420; x_wconf 80' lang='lat'>3</span> <span class='ocrx_word' id='word_1_59' title='bbox 1054 1421 1057 1426; x_wconf 15' lang='grc' dir='ltr'><strong>Δ</strong></span> 
     </span>
     <span class='ocr_line' id='line_1_10' title="bbox 127 1440 962 1521; baseline 0.005 -19"><span class='ocrx_word' id='word_1_60' title='bbox 127 1443 220 1518; x_wconf 92' lang='lat' dir='ltr'><strong>Quod</strong></span> <span class='ocrx_word' id='word_1_61' title='bbox 240 1461 332 1503; x_wconf 84' lang='lat' dir='ltr'><strong>suave</strong></span> <span class='ocrx_word' id='word_1_62' title='bbox 353 1452 406 1514; x_wconf 86' lang='lat' dir='ltr'><strong>est,</strong></span> <span class='ocrx_word' id='word_1_63' title='bbox 429 1440 518 1502; x_wconf 91' lang='lat' dir='ltr'><strong>nobis</strong></span> <span class='ocrx_word' id='word_1_64' title='bbox 539 1460 659 1519; x_wconf 87' lang='lat' dir='ltr'><strong>semper</strong></span> <span class='ocrx_word' id='word_1_65' title='bbox 679 1440 821 1504; x_wconf 90' lang='lat' dir='ltr'><strong>miscetur</strong></span> <span class='ocrx_word' id='word_1_66' title='bbox 839 1462 942 1506; x_wconf 85' lang='lat' dir='ltr'><strong>amaro</strong></span> <span class='ocrx_word' id='word_1_67' title='bbox 952 1464 962 1521; x_wconf 88' lang='lat'>;</span> 
     </span>
     <span class='ocr_line' id='line_1_11' title="bbox 167 1539 846 1619; baseline 0.001 -18"><span class='ocrx_word' id='word_1_68' title='bbox 167 1543 249 1603; x_wconf 84' lang='lat' dir='ltr'><strong>Felle</strong></span> <span class='ocrx_word' id='word_1_69' title='bbox 270 1542 460 1618; x_wconf 85' lang='lat' dir='ltr'><strong>voluptatum</strong></span> <span class='ocrx_word' id='word_1_70' title='bbox 481 1539 591 1619; x_wconf 85' lang='lat' dir='ltr'><strong>gaudia</strong></span> <span class='ocrx_word' id='word_1_71' title='bbox 612 1559 692 1618; x_wconf 83' lang='lat' dir='ltr'><strong>saepe</strong></span> <span class='ocrx_word' id='word_1_72' title='bbox 713 1552 846 1616; x_wconf 90' lang='lat' dir='ltr'><strong>nocent;</strong></span> 
     </span>
     <span class='ocr_line' id='line_1_12' title="bbox 125 1638 964 1719; baseline 0.001 -18"><span class='ocrx_word' id='word_1_73' title='bbox 125 1638 246 1701; x_wconf 85' lang='lat' dir='ltr'><strong>Gaudia</strong></span> <span class='ocrx_word' id='word_1_74' title='bbox 266 1659 376 1718; x_wconf 89' lang='lat' dir='ltr'><strong>nempe</strong></span> <span class='ocrx_word' id='word_1_75' title='bbox 397 1639 491 1701; x_wconf 86' lang='lat' dir='ltr'><strong>oculis</strong></span> <span class='ocrx_word' id='word_1_76' title='bbox 511 1638 633 1701; x_wconf 88' lang='lat' dir='ltr'><strong>vixdum</strong></span> <span class='ocrx_word' id='word_1_77' title='bbox 653 1650 796 1719; x_wconf 80' lang='lat' dir='ltr'><strong>percepta</strong></span> <span class='ocrx_word' id='word_1_78' title='bbox 816 1640 964 1719; x_wconf 86' lang='lat' dir='ltr'><strong>peribunt,</strong></span> 
     </span>
     <span class='ocr_line' id='line_1_13' title="bbox 166 1737 990 1817; baseline -0.001 -17"><span class='ocrx_word' id='word_1_79' title='bbox 166 1741 208 1800; x_wconf 92' lang='lat' dir='ltr'><strong>Et</strong></span> <span class='ocrx_word' id='word_1_80' title='bbox 228 1739 318 1813; x_wconf 83' lang='lat' dir='ltr'><strong>mala,</strong></span> <span class='ocrx_word' id='word_1_81' title='bbox 340 1758 407 1817; x_wconf 84' lang='lat' dir='ltr'><strong>quae</strong></span> <span class='ocrx_word' id='word_1_82' title='bbox 428 1737 567 1817; x_wconf 83' lang='lat' dir='ltr'><strong>fugimus,</strong></span> <span class='ocrx_word' id='word_1_83' title='bbox 589 1756 661 1798; x_wconf 87' lang='lat' dir='ltr'><strong>mox</strong></span> <span class='ocrx_word' id='word_1_84' title='bbox 681 1737 833 1817; x_wconf 81' lang='lat' dir='ltr'><strong>fugienda,</strong></span> <span class='ocrx_word' id='word_1_85' title='bbox 855 1750 990 1801; x_wconf 88' lang='lat' dir='ltr'><strong>manent.</strong></span> 
     </span>
     <span class='ocr_line' id='line_1_14' title="bbox 126 1835 863 1917; baseline 0.003 -21"><span class='ocrx_word' id='word_1_86' title='bbox 126 1841 181 1899; x_wconf 91' lang='lat' dir='ltr'><strong>Ast</strong></span> <span class='ocrx_word' id='word_1_87' title='bbox 201 1835 244 1898; x_wconf 92' lang='lat' dir='ltr'><strong>ibi</strong></span> <span class='ocrx_word' id='word_1_88' title='bbox 264 1835 380 1898; x_wconf 86' lang='lat' dir='ltr'><strong>deliciae</strong></span> <span class='ocrx_word' id='word_1_89' title='bbox 400 1849 501 1912; x_wconf 86' lang='lat' dir='ltr'><strong>tantae,</strong></span> <span class='ocrx_word' id='word_1_90' title='bbox 522 1849 583 1899; x_wconf 87' lang='lat' dir='ltr'><strong>tam</strong></span> <span class='ocrx_word' id='word_1_91' title='bbox 605 1839 696 1917; x_wconf 85' lang='lat' dir='ltr'><strong>plena</strong></span> <span class='ocrx_word' id='word_1_92' title='bbox 716 1838 863 1916; x_wconf 88' lang='lat' dir='ltr'><strong>voluptas,</strong></span> 
     </span>
     <span class='ocr_line' id='line_1_15' title="bbox 166 1921 883 2012; baseline 0 -18"><span class='ocrx_word' id='word_1_93' title='bbox 166 1935 211 1994; x_wconf 92' lang='lat' dir='ltr'><strong>Ut</strong></span> <span class='ocrx_word' id='word_1_94' title='bbox 232 1933 313 1995; x_wconf 87' lang='lat' dir='ltr'><strong>mille</strong></span> <span class='ocrx_word' id='word_1_95' title='bbox 333 1933 406 1994; x_wconf 83' lang='lat' dir='ltr'><strong>anni</strong></span> <span class='ocrx_word' id='word_1_96' title='bbox 428 1932 492 1993; x_wconf 89' lang='lat' dir='ltr'><strong>Illis</strong></span> <span class='ocrx_word' id='word_1_97' title='bbox 513 1952 579 1994; x_wconf 91' lang='lat' dir='ltr'><strong>esse</strong></span> <span class='ocrx_word' id='word_1_98' title='bbox 598 1921 741 2012; x_wconf 82' lang='lat' dir='ltr'><strong>putentur</strong></span> <span class='ocrx_word' id='word_1_99' title='bbox 763 1932 883 1994; x_wconf 86' lang='lat' dir='ltr'><strong>“heri&#39;’</strong></span> 
     </span>
    </p>
   </div>
   <div class='ocr_carea' id='block_1_4' title="bbox 123 2080 1011 2958">
    <p class='ocr_par' dir='ltr' id='par_1_6' title="bbox 123 2080 1011 2958">
     <span class='ocr_line' id='line_1_16' title="bbox 125 2080 833 2161; baseline 0 -19"><span class='ocrx_word' id='word_1_100' title='bbox 125 2081 249 2144; x_wconf 88' lang='lat' dir='ltr'><strong>AEstivis</strong></span> <span class='ocrx_word' id='word_1_101' title='bbox 270 2101 389 2161; x_wconf 87' lang='lat' dir='ltr'><strong>semper</strong></span> <span class='ocrx_word' id='word_1_102' title='bbox 409 2081 471 2142; x_wconf 86' lang='lat' dir='ltr'><strong>laeti</strong></span> <span class='ocrx_word' id='word_1_103' title='bbox 491 2081 659 2160; x_wconf 84' lang='lat' dir='ltr'><strong>spatiantur</strong></span> <span class='ocrx_word' id='word_1_104' title='bbox 679 2080 711 2142; x_wconf 90' lang='lat' dir='ltr'><strong>in</strong></span> <span class='ocrx_word' id='word_1_105' title='bbox 731 2080 833 2154; x_wconf 89' lang='lat' dir='ltr'><strong>hortis,</strong></span> 
     </span>
     <span class='ocr_line' id='line_1_17' title="bbox 167 2178 806 2258; baseline 0.003 -18"><span class='ocrx_word' id='word_1_106' title='bbox 167 2183 251 2242; x_wconf 85' lang='lat' dir='ltr'><strong>Inter</strong></span> <span class='ocrx_word' id='word_1_107' title='bbox 270 2190 357 2252; x_wconf 87' lang='lat' dir='ltr'><strong>serta,</strong></span> <span class='ocrx_word' id='word_1_108' title='bbox 378 2179 450 2241; x_wconf 83' lang='lat' dir='ltr'><strong>alibi</strong></span> <span class='ocrx_word' id='word_1_109' title='bbox 471 2178 572 2257; x_wconf 88' lang='lat' dir='ltr'><strong>qualia</strong></span> <span class='ocrx_word' id='word_1_110' title='bbox 591 2181 676 2240; x_wconf 88' lang='lat' dir='ltr'><strong>nulla</strong></span> <span class='ocrx_word' id='word_1_111' title='bbox 694 2180 806 2258; x_wconf 85' lang='lat' dir='ltr'><strong>vigent.</strong></span> 
     </span>
     <span class='ocr_line' id='line_1_18' title="bbox 125 2277 884 2357; baseline 0 -18"><span class='ocrx_word' id='word_1_112' title='bbox 125 2282 183 2342; x_wconf 89' lang='lat' dir='ltr'><strong>Per</strong></span> <span class='ocrx_word' id='word_1_113' title='bbox 203 2290 296 2341; x_wconf 86' lang='lat' dir='ltr'><strong>strata</strong></span> <span class='ocrx_word' id='word_1_114' title='bbox 315 2277 463 2357; x_wconf 85' lang='lat' dir='ltr'><strong>argenteis</strong></span> <span class='ocrx_word' id='word_1_115' title='bbox 484 2279 507 2339; x_wconf 90' lang='lat' dir='ltr'><strong>it</strong></span> <span class='ocrx_word' id='word_1_116' title='bbox 528 2277 607 2338; x_wconf 86' lang='lat' dir='ltr'><strong>Vitae</strong></span> <span class='ocrx_word' id='word_1_117' title='bbox 628 2279 756 2338; x_wconf 87' lang='lat' dir='ltr'><strong>Rivulus</strong></span> <span class='ocrx_word' id='word_1_118' title='bbox 777 2277 884 2354; x_wconf 83' lang='lat' dir='ltr'><strong>undis3</strong></span> 
     </span>
     <span class='ocr_line' id='line_1_19' title="bbox 165 2375 793 2454; baseline -0.002 -17"><span class='ocrx_word' id='word_1_119' title='bbox 165 2379 281 2438; x_wconf 90' lang='lat' dir='ltr'><strong>Arbore</strong></span> <span class='ocrx_word' id='word_1_120' title='bbox 301 2375 383 2438; x_wconf 85' lang='lat' dir='ltr'><strong>vitali</strong></span> <span class='ocrx_word' id='word_1_121' title='bbox 405 2375 487 2454; x_wconf 89' lang='lat' dir='ltr'><strong>Ripa</strong></span> <span class='ocrx_word' id='word_1_122' title='bbox 506 2375 680 2454; x_wconf 89' lang='lat' dir='ltr'><strong>ubicunque</strong></span> <span class='ocrx_word' id='word_1_123' title='bbox 701 2376 793 2451; x_wconf 83' lang='lat' dir='ltr'><strong>viret3</strong></span> 
     </span>
     <span class='ocr_line' id='line_1_20' title="bbox 124 2461 974 2554; baseline -0.004 -17"><span class='ocrx_word' id='word_1_124' title='bbox 124 2478 248 2554; x_wconf 87' lang='lat' dir='ltr'><strong>Semper</strong></span> <span class='ocrx_word' id='word_1_125' title='bbox 268 2473 311 2536; x_wconf 91' lang='lat' dir='ltr'><strong>ibi</strong></span> <span class='ocrx_word' id='word_1_126' title='bbox 332 2485 363 2535; x_wconf 92' lang='lat' dir='ltr'><strong>et</strong></span> <span class='ocrx_word' id='word_1_127' title='bbox 383 2475 495 2536; x_wconf 81' lang='lat' dir='ltr'><strong>fructus</strong></span> <span class='ocrx_word' id='word_1_128' title='bbox 517 2483 547 2534; x_wconf 91' lang='lat' dir='ltr'><strong>et</strong></span> <span class='ocrx_word' id='word_1_129' title='bbox 567 2461 701 2550; x_wconf 80' lang='lat' dir='ltr'><strong>germina</strong></span> <span class='ocrx_word' id='word_1_130' title='bbox 721 2472 846 2550; x_wconf 87' lang='lat' dir='ltr'><strong>parturit</strong></span> <span class='ocrx_word' id='word_1_131' title='bbox 867 2475 955 2534; x_wconf 90' lang='lat' dir='ltr'><strong>arbos</strong></span> <span class='ocrx_word' id='word_1_132' title='bbox 964 2494 974 2547; x_wconf 88' lang='lat'>;</span> 
     </span>
     <span class='ocr_line' id='line_1_21' title="bbox 134 2567 1011 2653; baseline -0.006 -17"><span class='ocrx_word' id='word_1_133' title='bbox 134 2573 137 2579; x_wconf 85' lang='grc'><strong>’</strong></span> <span class='ocrx_word' id='word_1_134' title='bbox 164 2577 289 2653; x_wconf 87' lang='lat' dir='ltr'><strong>Semper</strong></span> <span class='ocrx_word' id='word_1_135' title='bbox 308 2572 351 2634; x_wconf 89' lang='lat' dir='ltr'><strong>ibi</strong></span> <span class='ocrx_word' id='word_1_136' title='bbox 371 2571 513 2652; x_wconf 77' lang='lat' dir='ltr'><strong>angelicis</strong></span> <span class='ocrx_word' id='word_1_137' title='bbox 534 2571 667 2633; x_wconf 85' lang='lat' dir='ltr'><strong>carmina</strong></span> <span class='ocrx_word' id='word_1_138' title='bbox 686 2585 771 2650; x_wconf 80' lang='lat' dir='ltr'><strong>grata</strong></span> <span class='ocrx_word' id='word_1_139' title='bbox 790 2571 907 2645; x_wconf 89' lang='lat' dir='ltr'><strong>choris;</strong></span> <span class='ocrx_word' id='word_1_140' title='bbox 998 2567 1011 2638; x_wconf 60' lang='lat' dir='ltr'>s</span> 
     </span>
     <span class='ocr_line' id='line_1_22' title="bbox 123 2669 944 2749; baseline -0.005 -13"><span class='ocrx_word' id='word_1_141' title='bbox 123 2673 167 2736; x_wconf 89' lang='lat' dir='ltr'><strong>Sit</strong></span> <span class='ocrx_word' id='word_1_142' title='bbox 188 2671 271 2747; x_wconf 86' lang='lat' dir='ltr'><strong>mihi,</strong></span> <span class='ocrx_word' id='word_1_143' title='bbox 293 2682 397 2734; x_wconf 86' lang='lat' dir='ltr'><strong>sancta</strong></span> <span class='ocrx_word' id='word_1_144' title='bbox 417 2672 525 2743; x_wconf 83' lang='lat' dir='ltr'><strong>Salem,</strong></span> <span class='ocrx_word' id='word_1_145' title='bbox 548 2681 587 2745; x_wconf 86' lang='lat' dir='ltr'><strong>te,</strong></span> <span class='ocrx_word' id='word_1_146' title='bbox 609 2672 704 2749; x_wconf 88' lang='lat' dir='ltr'><strong>patria</strong></span> <span class='ocrx_word' id='word_1_147' title='bbox 725 2689 802 2744; x_wconf 88' lang='lat' dir='ltr'><strong>cara,</strong></span> <span class='ocrx_word' id='word_1_148' title='bbox 824 2669 925 2732; x_wconf 88' lang='lat' dir='ltr'><strong>videre</strong></span> <span class='ocrx_word' id='word_1_149' title='bbox 936 2693 944 2746; x_wconf 79' lang='lat'><em>3</em></span> 
     </span>
     <span class='ocr_line' id='line_1_23' title="bbox 163 2767 783 2846; baseline -0.005 -14"><span class='ocrx_word' id='word_1_150' title='bbox 163 2769 229 2832; x_wconf 88' lang='lat' dir='ltr'><strong>Sint</strong></span> <span class='ocrx_word' id='word_1_151' title='bbox 249 2773 303 2831; x_wconf 77' lang='lat' dir='ltr'><strong>tua</strong></span> <span class='ocrx_word' id='word_1_152' title='bbox 322 2767 448 2830; x_wconf 88' lang='lat' dir='ltr'><strong>tristitiis</strong></span> <span class='ocrx_word' id='word_1_153' title='bbox 467 2768 578 2846; x_wconf 84' lang='lat' dir='ltr'><strong>gaudia</strong></span> <span class='ocrx_word' id='word_1_154' title='bbox 599 2779 681 2829; x_wconf 84' lang='lat' dir='ltr'><strong>meta</strong></span> <span class='ocrx_word' id='word_1_155' title='bbox 700 2769 783 2842; x_wconf 89' lang='lat' dir='ltr'><strong>meis.</strong></span> 
     </span>
     <span class='ocr_line' id='line_1_24' title="bbox 437 2872 999 2958; baseline 0.002 -17"><span class='ocrx_word' id='word_1_156' title='bbox 437 2872 440 2879; x_wconf 43' lang='lat'>¹</span> <span class='ocrx_word' id='word_1_157' title='bbox 809 2899 834 2941; x_wconf 93' lang='lat' dir='ltr'><strong>c.</strong></span> <span class='ocrx_word' id='word_1_158' title='bbox 855 2884 999 2958; x_wconf 86' lang='lat'>1890-1.</span> 
     </span>
    </p>
   </div>
   <div class='ocr_carea' id='block_1_5' title="bbox 0 0 1332 4470">
    <p class='ocr_par' dir='ltr' id='par_1_7' title="bbox 0 0 1332 4470">
     <span class='ocr_line' id='line_1_25' title="bbox 0 0 1332 4470; baseline 0 3"><span class='ocrx_word' id='word_1_159' title='bbox 0 0 1332 4470; x_wconf 95' lang='lat' dir='ltr'><strong> </strong></span> 
     </span>
    </p>
   </div>
  </div>
 </body>
</html>
