2654 4470
414 451 735 516 SCHOLASYICA.

98 884 139 944 To
158 884 207 944 tlte
227 886 299 946 Rev.
333 886 375 946 W.
398 886 488 964 Hatir
504 887 629 959 Brown,
651 887 751 959 D.D.,
775 887 866 949 Head
885 888 1006 948 Master
1027 886 1065 963 ff

393 983 604 1045 charterltousc
624 986 730 1048 School.

216 1117 428 1181 Carthusiauos
450 1118 502 1197 qui
525 1120 645 1197 sapiens
666 1133 744 1193 tuos,

220 1214 290 1276 Miti
310 1219 481 1295 gubernans
502 1215 639 1294 imperia,
661 1217 746 1299 regis.

172 1380 177 1384 ,
259 1315 405 1377 Concede
426 1316 476 1388 ml,
499 1316 643 1390 clemens,
664 1313 783 1395 roganti

301 1413 392 1489 Quod
413 1411 505 1492 pueri,
529 1412 588 1474 nisi
608 1413 703 1488 fallor,
725 1423 851 1490 uptaut;

220 1565 265 1626 Ut
284 1583 350 1626 cras
372 1565 526 1627 Homerus
546 1564 675 1627 dormiat
696 1574 728 1626 et
751 1565 848 1636 Maro,

220 1663 385 1740 Neglectus
405 1674 438 1723 ut
459 1661 497 1723 sit
518 1663 629 1738 Caesar,
651 1673 682 1723 et
701 1661 873 1739 AEschylus,

261 1760 306 1820 Ut
327 1759 439 1820 condat
460 1757 601 1820 Euclides
621 1758 739 1836 figuras,

304 1859 371 1919 Nec
392 1855 430 1919 sit
451 1856 668 1935 Aristophanes
687 1857 816 1935 J'ocosus.

223 2004 322 2066 Immo
344 2015 374 2065 et
391 2005 525 2082 juveutae
544 2005 648 2066 ludere
668 2006 834 2083 paullulum

223 2098 374 2174 Permitte,
396 2098 490 2162 sicet
511 2099 650 2180 discipuli
671 2100 727 2162 tibi

264 2199 370 2259 Grates
391 2210 490 2277 agant,
513 2218 667 2278 canusque
686 2200 785 2279 Judex

305 2294 417 2358 Laetior
437 2295 562 2374 incipiat
582 2299 727 2361 laborem.

225 2446 358 2524 Antiqua
378 2445 458 2508 euim
479 2447 638 2522 sententia,
659 2469 749 2527 quam
771 2458 872 2528 patres
984 2435 987 2441 ¹

226 2543 336 2606 Dixere
355 2542 466 2620 ueram,
487 2565 557 2608 vera
577 2545 733 2608 hodie—‘⁴‘
742 2548 820 2609 Puer

267 2641 456 2703 “Incumbet
476 2640 626 2703 incassum
647 2641 751 2717 labori,

308 2739 455 2801 “Ludere
475 2741 523 2802 eui
544 2738 664 2803 modice
685 2751 826 2820 negatum
846 2741 920 2803 eat.''

228 2883 434 2945 Carthusiauis
454 2885 513 2945 sint
535 2885 629 2946 decus
649 2895 680 2946 et
700 2886 799 2946 salus!

228 2981 433 3045 Carthusianis
453 2982 558 3046 debita
577 2985 718 3063 praemia!

270 3082 395 3143 Illustris
415 3092 455 3156 et,
477 3101 538 3160 qua
558 3101 648 3156 nuuc,
670 3101 725 3160 per
745 3102 841 3144 annos

311 3181 489 3243 Innumeros
512 3183 630 3243 Domus
650 3183 730 3243 alma
750 3184 838 3244 vivat.
891 3193 894 3196 ’

918 3274 927 3297 ’
938 3284 1025 3360 1890.
