2654 4470
200 439 236 512 76
521 439 673 499 INTER
681 438 831 499 VALM.

196 602 225 651 et
247 600 366 668 tempus
386 591 513 653 laudant
534 591 639 670 (quam
660 592 786 669 dignum
806 591 896 653 laude
909 591 930 671 i)
951 603 1121 670 peractum,

195 809 265 851 cum
285 790 380 870 magis
400 790 529 853 extentis
550 789 653 868 spatiis
674 803 787 852 certare
807 792 939 852 solerent

195 997 226 1048 et
246 986 380 1051 breviore
401 987 464 1050 ictu
484 988 649 1069 graviorem
670 1009 774 1069 urgere
795 991 955 1069 phaselon,

197 1183 326 1246 necdum
347 1182 459 1247 libratis
481 1185 567 1247 tereti
586 1183 740 1248 fulcimine
761 1188 857 1263 major

198 1380 244 1442 vis
264 1381 441 1444 accessisset
459 1381 548 1444 remis
569 1392 600 1443 et
620 1383 717 1442 forma
737 1381 874 1456 rotunda,

195 1588 253 1630 nec
273 1569 393 1630 natibus
414 1581 530 1630 motum
550 1567 682 1630 labentia
702 1580 828 1630 transtra
849 1565 1012 1630 dedissent

238 1773 326 1832 Haec
347 1768 424 1830 inter
443 1765 566 1829 senibus
586 1786 685 1828 sermo
707 1765 998 1845 producitur-hora

196 1986 261 2031 sera
279 1967 365 2046 jubet
384 1965 467 2028 festis
488 1966 630 2027 convivas
651 1965 757 2026 cedere
780 1967 900 2039 mensis,
968 1972 971 1976 ’

196 2191 254 2235 nec
274 2185 375 2234 tamen
395 2171 586 2234 immemores
608 2191 699 2250 quam
720 2171 779 2233 sint
800 2174 878 2234 bene
900 2192 1024 2235 munere
1043 2175 1146 2237 suncti

196 2383 333 2435 auctores
354 2372 452 2450 epuli:
481 2372 569 2432 datur
589 2369 635 2431 his
656 2372 722 2431 laus
742 2372 833 2448 justa,
856 2383 1009 2450 tuamque,

197 2589 317 2648 praeses,
338 2587 428 2648 opem
449 2579 616 2648 agnoscunt
636 2568 713 2630 laetis
734 2566 913 2630 clamoribus
934 2587 1040 2629 omnes
1050 2591 1059 2643 3

197 2780 260 2829 tum
282 2765 444 2830 dormitum
465 2767 585 2829 abeunt.
628 2767 657 2829 Ο
679 2778 782 2843 terque
803 2778 969 2844 quaterque
989 2764 1092 2830 beati!

197 2966 318 3029 Gaudia
338 2965 405 3046 quis
425 2966 509 3028 novit
530 2966 619 3028 sociis
641 2967 754 3044 majora
775 2967 921 3044 receptis!

198 3171 322 3231 AEmula
342 3167 385 3232 sic
405 3170 496 3232 virtus
516 3191 579 3232 uno
600 3190 654 3250 per
674 3171 774 3232 secula
795 3181 953 3248 utramque

196 3370 289 3431 corde
309 3367 503 3431 Academiam
525 3381 556 3430 et
577 3371 706 3432 fraterno
727 3370 840 3431 foedere
859 3370 984 3447 jungat!

536 3545 577 3603 H.
595 3543 774 3605 Krnasron
790 3525 947 3622 (quondam
962 3530 1082 3622 Snoiv).
