2654 4470
118 429 190 501 MR
199 437 449 506 KENNEDY;
468 436 538 494 MR
548 433 736 493 FURNEA
745 432 820 502 UX,·
840 431 908 491 DR
921 430 1016 491 OTT.
1039 447 1055 507 5
1061 445 1077 506 5

261 634 267 645 ’
387 666 434 725 ΙΝ
456 664 626 724 annuae
649 663 812 723 MARIAE.

124 829 166 888 To
179 827 262 904 Profl
277 829 333 887 Dr
348 828 402 888 ott
413 826 451 903 ff
463 825 652 897 Martiniaa',
667 825 746 902 after
756 825 839 900 being
851 824 940 885 curcd
949 824 988 901 os
1000 829 1080 882 acute

162 948 173 1002 j
190 927 269 1002 pain
296 927 331 1002 by
359 926 405 984 tlte
437 923 671 984 Kreutbrunnen
705 924 818 1000 Spring
843 923 909 982 and
932 920 1084 981 Moorbad

199 1031 354 1084 treatment
364 1022 531 1101 prescribea'
547 1023 582 1099 by
603 1022 673 1081 Irim.
775 1081 778 1086 ,

160 1153 190 1216 Si
211 1153 269 1228 cui,
291 1166 360 1232 post
381 1155 487 1230 longos
509 1151 641 1213 Londini
662 1150 693 1211 in
715 1145 833 1212 turbine
854 1169 974 1212 menses

201 1254 341 1328 Exactos,
363 1262 453 1331 angat
474 1268 554 1312 saeva
574 1251 706 1329 podagra
726 1250 820 1328 pedes
829 1271 839 1325 3

161 1352 299 1412 Pondere
320 1369 373 1410 seu
394 1347 489 1409 nimio
510 1366 619 1425 corpus
639 1348 699 1408 fors
720 1345 799 1407 obsit
820 1343 903 1407 eunti
914 1365 923 1417 3

201 1451 260 1510 Seu
281 1466 367 1509 mens
387 1448 560 1524 languescat
580 1445 658 1505 sessa
678 1446 781 1504 labore
801 1443 883 1521 gravi
893 1464 902 1517 3

160 1547 274 1606 Balnea
289 1543 326 1604 'in
347 1542 512 1605 Austriacis
533 1540 613 1603 silvis
634 1553 718 1620 petat
739 1541 789 1602 ille
811 1541 935 1616 Mariae;

170 1713 175 1716 ,
203 1644 342 1705 Membra
362 1643 405 1704 ibi
425 1661 496 1703 mox
516 1640 601 1720 nigro
621 1642 735 1719 polluat
756 1660 835 1719 aegra
855 1642 936 1715 luto;

163 1745 256 1804 Mane
277 1761 358 1804 novo
379 1759 501 1818 surgens
522 1740 645 1818 cyathos
665 1740 728 1800 duo
749 1738 903 1800 combibat
924 1756 992 1799 acer

182 1861 185 1868 ·
202 1841 229 1900 E
250 1851 328 1901 terra
346 1838 454 1900 validae
475 1836 656 1916 prosilientis
677 1856 764 1914 aquae
774 1858 783 1911 ;

162 1937 325 2000 Combibat
344 1938 523 2014 impransus,
544 1934 678 2012 dumque
697 1935 842 2007 ambulat,
864 1952 916 1994 ore
938 1931 1078 2013 benigno

203 2035 282 2110 Rite,
305 2032 478 2107 salutiferas,
500 2052 575 2110 quas
596 2043 698 2092 tamen
719 2033 828 2106 horret,
850 2049 960 2108 aquas;

162 2131 304 2193 Esuriens
325 2143 408 2210 petat
429 2130 499 2191 inde
521 2131 645 2191 domum
656 2149 665 2203 ς
692 2142 766 2200 tum,
788 2141 878 2190 nocte
899 2129 1016 2207 dieque,

203 2232 326 2290 Prorsus
346 2228 389 2289 nil
410 2227 507 2300 iaciat,
530 2228 613 2304 quod
633 2227 732 2287 iacere
752 2227 817 2304 ipse
837 2227 916 2289 velit

120 2313 123 2319 ¹
162 2330 223 2391 Sed
244 2345 431 2405 quaecunque
453 2345 580 2387 monens
601 2324 792 2387 doctissimus
812 2339 915 2404 urgeat
935 2328 1034 2399 Ottus,

204 2428 244 2486 Et
264 2424 344 2502 vigil,
367 2436 398 2485 et
419 2426 575 2496 recubans,
597 2424 663 2484 haec
684 2435 768 2502 petat
789 2423 853 2502 ipse
872 2423 957 2502 sequi
967 2446 976 2498 3

162 2522 211 2585 Sic
232 2521 317 2584 bibat
338 2521 481 2594 esuriens,
503 2522 546 2582 sic
568 2521 703 2583 membra
718 2522 826 2600 ⁴fatiget
847 2523 957 2595 eundo,

204 2620 372 2682 Haustibus
392 2619 505 2698 exiguis
525 2620 598 2680 dum
619 2639 675 2698 sua,
693 2621 777 2680 labra
797 2621 886 2681 fovet.

163 2720 259 2780 “Ob!
286 2717 429 2780 fortunati
450 2716 576 2778 nimium
585 2717 601 2744 '’
622 2716 679 2797 (sic
698 2737 781 2796 saepe
801 2719 931 2779 lavando

203 2815 383 2896 Exclamet),
406 2816 533 2877 “norint
553 2815 580 2876 si
600 2836 654 2877 sua
674 2817 756 2878 dona
775 2819 878 2887 sues’'1

162 2916 224 2976 Sed
244 2912 319 2992 fugit
339 2914 421 2974 hora.
465 2904 540 2974 Dies
562 2913 657 2975 eheu!
685 2913 767 2975 venit
787 2913 899 2990 ultima,
923 2926 954 2977 et
973 2916 1039 2978 urbi

202 3010 346 3090 Teplensi
366 3030 459 3090 cogor
479 3011 579 3072 dicere
600 3010 681 3073 triste
702 3013 786 3072 vale!
847 3039 849 3044 ·
957 3018 961 3027 '

162 3108 261 3172 Triste
281 3111 365 3170 valet
400 3108 473 3169 mibi
494 3110 549 3170 sed
569 3128 683 3186 paucos
704 3128 870 3170 memorare
891 3129 943 3188 per
963 3130 1060 3173 annos

203 3208 255 3280 Sit,
277 3216 411 3268 mentem
432 3205 519 3278 curis,
542 3207 678 3268 membra
698 3209 797 3268 soluta
818 3207 920 3269 malis!

47 3371 52 3379 ,
162 3304 266 3383 Sitque
287 3301 389 3365 animo
410 3322 538 3381 semper,
561 3305 635 3364 dum
655 3302 763 3375 vivam,
784 3322 949 3382 agnoscere
968 3317 1053 3384 grato

203 3405 287 3482 Quot
307 3400 381 3462 mihi
401 3399 524 3462 delicias
545 3421 614 3462 cara
635 3401 733 3463 Maria
753 3401 856 3463 dedit!

791 3527 828 3586 29
850 3509 928 3586 Aug.
955 3511 1039 3586 1893.
1108 3562 1123 3568 -
