2654 4470
285 405 324 464 68
514 396 519 407 ’
614 405 761 466 INTER
770 404 921 465 VALLA.

284 561 436 624 Grandior
455 562 505 624 hic
525 562 601 623 alios
621 560 709 641 primi
730 558 902 622 certaminis
921 560 1010 622 heros

284 750 395 811 arduus
415 759 571 830 exsuperat
591 759 673 812 recta
692 747 809 811 cervice
830 747 1031 828 humerisque,

285 937 419 1014 pondere
440 955 501 1014 quo
521 954 613 997 nemo
633 933 742 996 invasit
762 935 897 1014 graviore
916 937 1070 1014 phaselon,

285 1130 346 1206 jam
368 1128 475 1203 senior,
498 1129 553 1190 sed
573 1130 667 1189 cruda
686 1129 751 1191 viro
771 1141 802 1191 et
823 1128 992 1190 rubicunda
1012 1141 1166 1192 senectus

327 1308 503 1370 Convenere
523 1327 650 1370 omnes:
677 1307 874 1369 discumbitur
893 1308 1000 1369 ordine
1017 1311 1111 1386 jusso,

286 1486 416 1563 aequales
437 1504 547 1564 nempe
567 1498 601 1548 ut
621 1499 729 1548 coeant
750 1488 916 1564 aequalibus
937 1501 968 1550 et
990 1508 1022 1549 se

286 1681 354 1729 acta
372 1671 477 1746 juvent
497 1670 584 1731 variis
604 1683 805 1731 memorantes
826 1684 963 1750 tempora
983 1671 1080 1733 ludis:

287 1853 427 1933 praesidet
447 1855 493 1915 his
514 1866 544 1916 et
565 1857 720 1932 quondam
740 1866 770 1916 et
791 1875 873 1917 nuuc
894 1856 1070 1917 fortissimus
1093 1866 1188 1932 lctus,

288 2039 401 2101 murice
422 2041 467 2100 bis
488 2039 607 2112 tinctus,
630 2037 728 2100 salicis
748 2041 919 2118 palmaeque
940 2039 1075 2120 abiegnae

288 2239 338 2278 rex
359 2221 475 2297 pariter,
497 2218 586 2280 toties
607 2217 777 2280 certaminis
798 2219 907 2282 arbiter
927 2239 1040 2298 aequus.

288 2401 406 2463 Arbiter
426 2403 506 2462 hunc
527 2403 602 2462 alius
623 2400 797 2461 resonabilis
819 2421 869 2463 ore
890 2403 1021 2463 rotundo

288 2603 369 2663 pone
389 2584 504 2662 premit,
528 2584 580 2661 qui
601 2586 779 2662 plaudentes
801 2585 889 2645 nimis
910 2597 1002 2664 atque
1023 2588 1187 2665 loquentes

288 2763 497 2842 intempestive
516 2766 602 2841 jubet
623 2765 797 2836 auscultare,
819 2764 955 2843 regitque

288 2949 431 3012 undantis
452 2949 563 3008 dextrae
585 2943 789 3006 moderamine
810 2943 1013 3024 propinantes.

329 3135 384 3211 Jus
396 3097 609 3192 'testudineum
629 3139 765 3206 sorptum
787 3139 849 3217 est,
864 3138 894 3189 et
914 3128 1067 3201 rhombus,
1088 3137 1120 3188 et
1141 3130 1208 3192 albi

289 3309 426 3392 pisciculi
446 3309 551 3370 incerti
572 3307 930 3389 generis-poppysmate
951 3312 1057 3372 crebro

289 3491 387 3553 exsilit
408 3491 548 3567 explosus
570 3500 671 3549 cortex
691 3501 850 3568 spumante
869 3492 1016 3569 lagena-
