2654 4470
507 413 751 476 FORENSJA.

158 977 199 1036 To
222 977 307 1037 bord
318 978 430 1055 Justice
452 978 570 1052 Beroen,
601 979 632 1038 in
661 986 763 1039 return
780 981 840 1058 for
865 981 913 1041 the
929 982 990 1059 gtfl
1010 981 1047 1058 of
1066 982 1114 1043 tis

240 1077 430 1136 Translation
452 1078 489 1154 of
508 1078 556 1136 the
581 1079 771 1156 “Ecloguss”
795 1080 860 1140 aad
879 1080 938 1141 Six
960 1081 1059 1142 Books
1084 1082 1122 1159 os

237 1174 464 1237 the“AEne1ii.”

200 1331 263 1410 Ipsi
284 1332 492 1412 Vergilio'qui
510 1337 574 1413 J’am
596 1335 773 1414 superaddis
794 1338 932 1412 honores,

238 1427 379 1507 Accipias
399 1442 506 1509 grates,
528 1450 597 1493 care
617 1434 718 1511 poeta,
739 1453 830 1496 meas.

119 1585 123 1590 .
200 1527 341 1587 Carmina
361 1545 430 1604 quae
451 1547 554 1606 puero,
576 1528 624 1589 vix
645 1529 806 1605 intellecta,
828 1533 997 1610 placebant,

240 1622 371 1702 Auspice
393 1637 423 1686 te
443 1627 573 1688 referunt
594 1629 703 1705 gaudia
724 1641 837 1707 quanta
857 1630 941 1693 senil

939 1758 1034 1833 1887.

440 2143 481 2202 To
501 2143 587 2202 Lord
594 2144 708 2221 Justice
727 2143 846 2204 Bonum

163 2301 256 2378 Quod
276 2311 338 2360 tam
358 2318 420 2361 non
442 2300 549 2373 valeas,
571 2300 655 2362 dolet
675 2300 735 2361 hoc
755 2299 837 2373 mihi,
858 2319 926 2363 care
947 2302 1081 2373 Bovene,
1190 2375 1193 2379 .

205 2400 271 2459 Nec
292 2399 364 2459 dare
384 2397 543 2459 consilium
564 2397 770 2459 subsidiumve
791 2417 890 2476 queo;

165 2497 244 2556 Nam
266 2513 385 2573 nequeo
406 2497 500 2557 scalas
520 2495 683 2556 ascendere
693 2517 702 2570 ;
730 2514 787 2556 nec
807 2496 856 2556 vel
876 2494 907 2556 in
928 2494 991 2558 imo

168 2624 170 2627 ·
206 2596 290 2655 Stare
310 2592 483 2671 pavimento
503 2613 582 2655 saeva
603 2594 741 2671 Podagra
761 2593 838 2654 sinit

164 2693 211 2751 Te
231 2702 335 2751 tamen
355 2691 495 2752 exhortor
516 2692 677 2752 ‘Valeas’l
720 2692 793 2750 Hoc
813 2692 927 2752 sortiter
947 2701 1054 2768 optant

205 2789 362 2868 Vergilius,
384 2790 491 2862 Musae,
514 2789 622 2863 Patria,
644 2790 723 2866 Juris
744 2789 849 2850 honos

751 2912 860 2973 March
882 2932 929 2985 κο,
954 2913 1039 2989 1894

232 3085 295 3147 [For
311 3084 464 3150 Inscription
479 3085 507 3135 in
523 3099 636 3149 memory
652 3083 682 3133 of
695 3085 765 3135 Iord
784 3085 888 3146 Bowen,
905 3100 947 3136 see
963 3099 989 3150 p.
1007 3085 1060 3152 95.]
