2654 4470
327 359 366 438 58
659 357 963 421 smmum.

337 912 384 973 On
413 888 566 987 maiitt'ng
589 910 725 987 Pmoyre,
751 910 873 984 Brecon,
899 910 948 968 tle
965 909 1083 986 former
1104 908 1242 970 residente
1266 911 1307 987 of

414 1011 468 1072 Sir
480 1010 621 1085 Anthony
641 1008 769 1084 Cleasby,
785 1008 893 1067 Baron
913 1008 948 1085 of
960 1009 1007 1067 tlte
1019 1008 1199 1085 Exchcquer
1215 1008 1295 1068 1868

411 1115 441 1168 to
458 1109 543 1184 1879.

415 1337 560 1408 Penaura,
583 1354 651 1413 quae
671 1354 722 1397 me
744 1353 824 1412 saepe
847 1331 975 1412 negotiis

414 1433 551 1493 Paullum
572 1442 738 1506 vacantem,
765 1451 847 1511 saepe
868 1429 1021 1493 laboribus

456 1534 582 1593 Fessum
602 1531 749 1612 recepisti,
772 1531 900 1593 libenter
931 1592 943 1611 ¹

495 1632 591 1693 Tecta
610 1640 662 1692 tua
683 1628 825 1692 emeritus
846 1628 952 1690 reviso.

417 1794 501 1856 Hinc
521 1794 707 1856 eminenttlm
731 1794 866 1856 culmina
886 1792 1034 1854 montium

414 1895 532 1966 Severa,
554 1894 712 1971 pulchrum
734 1891 806 1953 hinc
826 1890 942 1970 aspicio
962 1892 1070 1963 lacum,

372 2067 384 2082 ι
458 1990 528 2066 Qui,
551 1992 614 2052 sole
633 1991 854 2070 resplendente,
876 1989 937 2050 risu

498 2078 662 2150 Innumero
683 2088 784 2151 radios
804 2098 963 2166 retorquet.

418 2246 481 2309 Hic
500 2246 551 2309 ille
572 2258 681 2322 noster,
703 2249 799 2310 carior
819 2247 969 2318 omnibus,
1041 2261 1046 2271 ·

416 2346 541 2424 Collega
561 2362 681 2406 menses
701 2345 823 2424 protulit
844 2346 966 2406 ultimos

457 2444 564 2522 Aeger,
586 2443 640 2505 sed
660 2453 792 2516 ornatus,
814 2441 920 2515 fidelis,

499 2542 662 2621 Ingenuus,
682 2558 999 2621 generosus,*aequus;

418 2706 489 2782 Quo
509 2724 573 2768 non
588 2705 692 2792 amavi
712 2703 859 2784 propositi
880 2701 977 2765 virum

419 2803 517 2881 Magis
538 2814 685 2865 tenacem.
728 2804 847 2864 Doctus
868 2812 940 2876 erat,
962 2811 1055 2873 catus,

458 2901 538 2981 Juris
558 2900 688 2980 peritus;
715 2921 779 2962 non
800 2898 919 2980 periclis

500 3001 556 3062 Ille
577 3019 683 3060 manus
704 2999 790 3062 dedit
810 3009 864 3060 aut
884 2997 988 3060 labori.

420 3164 469 3226 Illi
489 3163 522 3225 in
541 3167 665 3243 juventa
686 3165 801 3226 Granta
821 3182 892 3225 suos
914 3162 1000 3225 dedit

423 3263 556 3334 Plausus,
576 3261 718 3336 honores,
739 3259 873 3339 praemia,
895 3258 1023 3338 gratias3

461 3360 562 3421 Etona
582 3377 653 3419 nam
674 3356 748 3418 nulli
769 3356 936 3418 secundum

502 3455 696 3534 Discipulum
716 3455 798 3515 hunc
819 3454 944 3517 dederat
965 3453 1067 3515 sorori.
