2654 4470
407 435 409 439 ’
448 474 575 552 JANE
605 471 791 532 rmore.
855 485 858 494 ·

349 632 428 694 Cum
450 613 502 692 Sol
525 628 611 692 ardet
633 649 696 691 non
715 631 778 708 jam
799 648 890 708 super

349 729 434 804 Quos
456 726 645 787 illuminabat
666 745 771 804 nuper,

345 826 445 886 Nocte
468 835 533 886 tota
556 833 620 886 tum¹
646 822 828 886 scintillam
917 870 921 876 .
987 875 992 884 .

347 923 505 982 Parvulam
528 921 641 1001 largiris
665 921 757 983 illam.

349 1069 497 1149 Lampadi
521 1090 612 1149 quam
637 1069 792 1148 praebuisti

348 1170 454 1229 Grates
474 1159 549 1259 serit
571 1166 667 1229 viator
688 1165 747 1243 isti,

346 1265 417 1327 Sine
439 1285 508 1344 qua,
530 1263 627 1341 miser,
651 1264 789 1341 nesciret,

348 1367 431 1426 Luce
452 1375 568 1444 captus,
589 1383 651 1443 quo
672 1363 811 1443 prodiret

346 1511 393 1571 Te
416 1508 447 1569 in
472 1509 582 1572 aethere
606 1520 755 1573 nocturno

347 1609 405 1667 Per
427 1607 588 1668 fenestram
611 1625 694 1685 saepe
716 1626 817 1680 cerno,

295 1735 297 1738 ·
349 1707 416 1764 Nec
436 1703 491 1766 tibi
511 1704 613 1766 lumen
638 1706 795 1766 claudetur

349 1803 456 1881 Donec
478 1802 529 1862 Sol
553 1799 709 1862 exorietur.

348 1947 438 2024 Quod
462 1946 494 2006 in
520 1946 650 2009 tenebris
672 1946 793 2025 vaganti

347 2046 415 2104 Tua
436 2064 528 2123 parva
552 2047 604 2105 lux
625 2056 671 2106 est
692 2043 777 2120 tanti,

274 2187 279 2196 s
347 2141 492 2218 Quamvis
516 2142 618 2204 nescio
642 2142 716 2222 quid
737 2145 787 2218 sis,
808 2145 910 2218 Stella,

246 2252 251 2260 ·
349 2236 440 2312 Mica,
464 2238 549 2314 mica,
574 2241 624 2300 fax
645 2241 774 2303 tenella!

976 2385 1062 2461 1895.

387 2707 492 2787 δωρεὰν
512 2709 643 2786 ἐλάβετε,
666 2708 773 2787 δωρεὰν
792 2707 863 2769 δότε.

156 2877 159 2882 ·
266 2841 295 2902 0
320 2841 405 2903 Deus
424 2839 499 2914 caeli,
525 2840 625 2913 maris,
649 2852 741 2918 atque
766 2851 858 2914 terrae,

266 2937 371 2999 Gloria
392 2949 422 3000 et
444 2939 550 3000 laudes
575 2937 645 2999 Tibi
670 2937 741 3013 sint,
764 2939 941 3019 honosque5

266 3037 350 3111 Quas
374 3056 460 3116 agam
484 3047 584 3116 grates
608 3035 767 3119 Tibi,‚qui
790 3036 901 3099 dedisti

483 3133 485 3137 ’
713 3133 825 3196 Omnia
848 3135 959 3198 nobis?

264 3288 383 3346 Aureus
405 3285 465 3358 Sol,
491 3295 521 3347 et
546 3285 621 3346 levis
645 3303 718 3345 aura
741 3283 838 3357 Veris,
888 3332 891 3336 .

264 3368 404 3455 Flbsculi
430 3394 461 3444 et
484 3383 606 3456 fructus,
629 3393 830 3444 monumenta
851 3382 962 3446 amoris

263 3482 340 3542 Sunt
363 3478 415 3553 tui,
441 3490 472 3543 et
493 3498 616 3555 messes,
642 3483 739 3555 Pater,
763 3478 918 3544 0·dedisti

711 3575 824 3640 Omnia
846 3577 943 3641 nobis.
