2654 4470
401 957 503 1016 Labor
520 959 620 1016 omnia
641 958 739 1016 vincit.

129 1102 210 1160 Ecce
231 1112 263 1162 ut
284 1102 408 1179 parvula
427 1102 501 1180 apis,
523 1102 628 1180 grandi
649 1103 751 1164 studio
771 1114 862 1183 atque
882 1105 1006 1178 labore,.

124 1234 127 1239 ·
170 1197 273 1276 Carpit
293 1197 501 1260 inexhaustam
523 1202 596 1261 dum
617 1201 693 1262 nitet
713 1201 787 1261 hora
807 1199 907 1263 diem!

131 1296 283 1372 Mellaque
304 1295 450 1370 delibans,
472 1318 491 1358 a
511 1299 576 1376 sole
596 1297 712 1360 oriente
732 1310 878 1377 peragrat,

169 1393 277 1454 Noctis
299 1396 340 1455 ad
360 1413 502 1456 occasum
523 1397 578 1456 flos
598 1395 772 1473 ubicunque
793 1406 885 1473 patet.

131 1491 199 1566 Qua
219 1490 305 1551 struit
326 1502 390 1553 arte
411 1493 513 1553 savos!
541 1511 641 1553 ceram
663 1512 754 1571 quam
774 1492 909 1572 gnaviter
929 1498 1029 1571 aptat!
1127 1552 1131 1562 ,

170 1589 393 1666 Complendam
414 1589 512 1663 dulci,
526 1610 617 1667 quem
637 1602 721 1668 paret
742 1589 817 1668 ipsa,
839 1583 927 1652 cibo!

129 1685 252 1746 Artibus
273 1685 413 1747 innocuis
433 1688 477 1747 sic
497 1677 636 1774 praestem
657 1691 733 1765 egoi
774 1687 888 1765 Turpia
909 1705 1027 1765 semper

171 1786 232 1845 Dat
254 1786 379 1846 Satanas
399 1804 494 1845 vacua
515 1805 639 1846 munera
659 1784 779 1863 agenda
798 1804 898 1846 manu.

131 1882 236 1956 Libris,
258 1882 457 1961 ingenuaeque
477 1903 586 1961 operae,
608 1883 743 1962 ludoque
763 1882 874 1943 salubri

172 1980 314 2041 Primitiae
334 1979 432 2042 aetatis
453 1979 513 2042 sint
533 1980 608 2041 mihi
628 1980 684 2042 rite
704 1982 803 2041 dataet

131 2077 249 2154 Ultima
269 2078 313 2139 sic
334 2080 459 2140 tandem
479 2077 548 2139 vitae
570 2098 640 2140 cum
661 2078 776 2141 venerit
796 2079 879 2152 hora,

172 2177 329 2238 Incassum
349 2177 437 2239 fuerit
457 2179 541 2238 nulla
561 2189 684 2255 peracta
705 2177 777 2240 dies.

506 2318 554 2378 On
574 2319 622 2377 tlte
641 2319 755 2396 Spring
776 2320 896 2392 Circuit,
923 2320 1009 2394 1870.

467 3063 522 3122 Ad
540 3063 670 3124 Stellam.

294 3208 387 3284 Mica,
413 3208 499 3284 mica,
523 3231 616 3289 parva
637 3212 738 3284 Stella,

295 3308 391 3368 Miror
413 3307 488 3386 quid
511 3309 559 3382 sis,
585 3309 634 3368 sax
658 3309 786 3370 tenellal

295 3406 373 3465 Tam
393 3405 567 3485 longinqua,
585 3418 648 3468 tam
670 3407 810 3479 formosa,

295 3503 425 3563 Gemma
444 3503 510 3565 caeli
530 3503 685 3583 speciosa!
