2654 4470
263 419 314 502 ¹50
605 403 751 463 INTER
759 402 898 462 VALLA

278 603 320 661 To
330 603 377 660 the
385 604 476 662 Head
483 602 646 679 Masterof
657 603 830 662 Wz'aezclzcster
842 603 958 679 Collega,
973 603 1082 681 George
1091 599 1241 683 leading,
1264 591 1265 594 Ἴ

335 709 434 782 D.D.,
449 708 614 786 askingfor
624 728 644 768 a
658 709 782 786 holtilay,
798 710 932 768 Autumn
948 711 1070 783 Assizes,
1089 712 1175 771 1880.

439 839 579 901 Tandem
596 839 785 919 judicialium
807 852 927 902 secutus

437 937 555 998 Tritum
576 937 755 999 curriculum
776 938 974 1017 negotiorum,

438 1037 532 1098 Sedes
553 1034 750 1097 Wiccamicas
770 1037 878 1099 lubens
898 1037 1001 1099 reviso.

439 1137 519 1213 Ergo
540 1135 595 1196 des
616 1133 732 1207 iterum,
755 1136 835 1196 bone
856 1153 876 1196 o
898 1133 1060 1213 Magister!

439 1232 565 1311 Optanti
585 1231 659 1292 mihi
680 1233 764 1310 quod
784 1232 867 1310 prius
888 1232 1007 1307 dedisti,

440 1332 484 1393 Ut
504 1341 602 1392 cesset
622 1332 715 1404 labor,
737 1341 770 1416 ut
791 1342 878 1391 vacet
895 1333 1045 1408 juventus.

439 1428 488 1490 Sic
509 1440 539 1490 et
561 1440 594 1489 tu
615 1427 717 1506 requie
738 1427 954 1498 brevi-fruaris,

438 1524 488 1586 Sic
509 1526 550 1584 ml
570 1524 679 1603 gratior
699 1525 773 1586 hora
793 1524 830 1585 sit
852 1525 968 1586 laboris.
1066 1527 1152 1585 1880.

309 1782 348 1839 To
367 1780 420 1838 Dr
439 1780 562 1853 staron,
582 1778 676 1839 Head
693 1780 812 1839 Master
829 1780 866 1857 aff
889 1780 1065 1840 Winchestcr
1088 1780 1206 1857 Collega.

277 1913 327 1971 Da
346 1909 445 1989 pueris
466 1908 587 1970 solitum
608 1929 722 1988 precor,
745 1928 765 1970 o
785 1907 909 1971 domine
930 1908 1052 1988 optime,
1075 1910 1194 1971 donum

318 2008 371 2082 Ut,
393 2019 541 2086 praesente
561 2006 668 2068 iterum
687 2005 798 2085 judice,
821 2019 1023 2091 cesset-opus.

278 2106 384 2166 Cesset
405 2124 483 2184 opus
504 2105 612 2183 pueris.
656 2106 724 2166 Fiet
746 2105 875 2166 “Labor
895 2105 959 2183 ipse
980 2105 1146 2191 roluptas‚'’

318 2203 425 2265 Oranti
445 2205 514 2276 hoc,
536 2202 561 2263 si
583 2216 623 2278 tu,
646 2205 730 2281 quod
750 2203 827 2282 petit
842 2203 906 2278 ille,
928 2203 1023 2266 dabis.

826 2320 939 2397 Sprt'ng
958 2321 1081 2394 Assiaes,
1107 2321 1195 2397 1887.

311 2547 350 2604 To
370 2547 424 2605 Dr
441 2548 563 2620 staron,
586 2549 679 2608 Head
699 2550 814 2609 Master
832 2550 869 2626 os
891 2551 1063 2611 Wnckcster
1085 2552 1202 2630 Collega.

278 2678 330 2738 Sol
350 2675 434 2752 nitet,
457 2697 528 2738 arva
547 2676 651 2753 virent,
674 2679 751 2742 ridet
773 2683 898 2756 Natura,
920 2682 994 2762 quid
1015 2704 1087 2764 ergo

318 2774 517 2836 Wiccamicos
538 2776 630 2838 hodie
650 2779 764 2848 ludere,
784 2781 891 2854 amice,
914 2784 1017 2843 vetat?
1112 2801 1116 2806 ·

280 2873 362 2950 Quid
383 2884 493 2952 pueros
511 2887 594 2936 vetat
614 2876 751 2954 antiquas
772 2878 913 2941 invadere
934 2881 1046 2957 sedes¹,
1078 2914 1082 2919 ·

320 2973 389 3048 Qua
409 2974 506 3034 scelus
526 2985 556 3034 et
577 2975 697 3036 fraudes
719 2977 783 3042 Lex
803 2978 945 3039 cohibere
967 2981 1065 3040 solet?

280 3071 329 3129 Da
349 3069 471 3130 solitum
492 3071 591 3149 pueris
612 3092 726 3152 precor,
749 3093 769 3135 o
789 3075 914 3136 domine
935 3075 1058 3153 optime,
1079 3078 1197 3140 donum
1207 3100 1217 3155 3

320 3167 412 3227 Grata
432 3169 580 3228 laboranti
601 3169 672 3230 talia
692 3173 774 3232 dona
795 3172 868 3234 seni.

832 3281 944 3341 Wintcr
961 3282 1085 3356 Assizes,
1109 3286 1198 3362 1887.

328 3401 337 3431 ¹
355 3403 439 3453 When
461 3404 504 3454 the
524 3404 607 3470 Judge
629 3407 730 3457 obtains
752 3424 768 3458 a
789 3409 901 3475 holiday,
923 3411 967 3463 the
989 3412 1059 3464 elder
1081 3414 1244 3467 Winchester

279 3485 398 3537 Scholars
413 3502 455 3537 ere
472 3487 579 3540 allowed
596 3496 623 3540 to
640 3490 698 3540 visit
715 3491 758 3541 the
774 3500 857 3542 courts
873 3502 901 3544 to
917 3495 978 3567 hear
994 3497 1072 3548 trials.
