2654 4470
385 455 390 462 ·
434 421 596 482 SOMNE
632 420 746 480 VENL
1033 439 1067 495 17

446 966 542 1041 Aqua
561 966 727 1043 salutifera.

47 1077 76 1148 ‘i
109 1113 252 1194 Quisquis
272 1115 305 1176 in
324 1119 469 1187 umbroso
489 1115 659 1195 requiesces
680 1116 840 1197 languidus
860 1129 956 1192 antro,

151 1215 250 1293 Carpe
269 1213 459 1288 salutiferam,
481 1215 560 1276 iesse
579 1215 694 1288 Viator,
715 1234 837 1294 aquam.

110 1312 164 1373 Est
185 1310 217 1371 in
237 1308 317 1390 aqua
336 1310 448 1388 virtus;
475 1331 558 1386 nam,
578 1332 647 1390 quae
667 1312 741 1391 fugit
763 1313 855 1374 Urbis
876 1331 982 1419 opace

150 1411 270 1483 Sordes,
291 1421 321 1471 et
341 1409 497 1488 strepitum
520 1411 629 1486 Plebis,
651 1430 773 1472 amoena
792 1404 889 1484 Salus,

109 1508 245 1570 Vollibus
266 1508 316 1568 hic
335 1507 420 1582 vires,
444 1508 520 1570 vires
540 1508 591 1568 hic
611 1509 764 1571 montibus
785 1508 889 1584 addit;

149 1605 197 1666 Fit
216 1605 300 1684 vigor
320 1604 370 1666 hic
390 1607 561 1684 Zephyrus3
588 1607 622 1668 fit
636 1606 795 1687 medicina
816 1608 903 1668 latex.

840 1803 843 1807 1
870 1775 873 1782 .
898 1734 984 1792 1882.
1013 1749 1015 1753 ’

482 2037 593 2112 Somne,
612 2039 700 2098 veni!

108 2181 228 2255 Somne,
250 2181 337 2243 veni!
380 2185 469 2257 Nam,
491 2204 561 2244 vera
581 2184 651 2246 licet
671 2184 712 2246 sis
733 2186 841 2248 Mortis
862 2189 971 2266 imago,

150 2282 203 2341 Me
225 2281 310 2342 dolor
331 2284 487 2361 amplexus
508 2283 589 2361 cogit
609 2303 696 2346 avere
718 2297 795 2347 tuos.

107 2379 229 2451 Somne,
252 2382 338 2440 veni!
380 2398 524 2457 serusque
544 2386 653 2443 mane!
693 2385 819 2455 Tecum,
841 2382 907 2443 sine
928 2380 990 2444 vita

148 2477 265 2550 Vivere,
288 2498 380 2556 quam
400 2480 488 2540 dulce
509 2484 572 2541 est!
601 2499 692 2558 quam
714 2481 778 2542 sine
799 2492 906 2555 morte,
928 2481 1021 2543 mori!

105 2625 315 2688 Vivere-nec
334 2627 403 2688 vitae
424 2626 548 2689 miseros
568 2627 677 2690 sentire
698 2629 836 2704 dolores;

149 2726 256 2787 Mortis
277 2738 308 2788 et
329 2738 469 2804 exempto
490 2729 612 2788 vulnere
633 2748 724 2790 suave
744 2729 828 2790 mori.

107 2827 197 2897 Nam,
220 2822 269 2884 cui
288 2825 338 2884 Tu
359 2825 481 2886 claudes
503 2826 615 2899 oculos,
637 2825 763 2888 feliciter
782 2825 826 2887 illi

148 2924 187 2983 Et
207 2922 279 2982 Vita
298 2922 330 2982 in
350 2921 465 3000 gremio
486 2933 541 2994 est,
564 2922 672 2984 Mortis
693 2936 724 2984 et
744 2925 824 2984 alma
844 2923 938 3003 quies.

936 3050 1022 3126 1892.
