2654 4470
364 447 492 508 ΗΘΚΛ
499 446 556 507 CE
583 447 740 518 SMITH,
764 447 822 504 &a
1038 461 1074 522 25

235 602 304 661 Ab!
333 611 402 661 sunt
422 598 533 663 laetitiae
554 599 687 662 culmina
706 598 825 672 lucidae,

236 698 313 775 Quae
333 717 396 758 non
417 698 509 759 Musa
528 708 629 778 potest
649 697 804 773 scandere,
827 695 942 758 solibus

236 798 386 858 Illustrata
407 794 476 856 suis.
520 796 570 856 Sic
591 795 693 856 animo
713 805 831 856 scatent

317 896 434 973 Lingua
453 912 516 956 non
536 893 749 954 memorabiles

235 1029 364 1102 Sensus,
391 1037 485 1104 utque
505 1023 537 1085 in
557 1025 644 1103 aquis
666 1026 735 1086 lene
757 1022 914 1088 silentibus

237 1127 373 1186 Pulchrae
393 1143 473 1204 saepe
494 1135 619 1185 manent
638 1124 745 1185 formae
766 1136 797 1185 et
817 1123 973 1203 imagines,

236 1224 320 1300 Quas
342 1242 414 1284 mox
434 1222 517 1283 unda
536 1223 649 1298 loquax
669 1232 701 1283 et
720 1222 798 1282 vada
818 1219 939 1283 turbida
969 1224 972 1231 '

316 1318 416 1380 Mixto
437 1337 589 1381 murmure
610 1319 775 1392 destruunt,

234 1453 282 1512 Sic
303 1470 371 1529 quae
391 1469 472 1511 nunc
491 1449 581 1510 video
601 1460 708 1528 pectus
730 1448 761 1510 in
783 1448 932 1530 integrum

235 1551 305 1624 Cor,
327 1549 433 1610 labens
453 1547 582 1626 placide,
603 1546 710 1609 leniter
727 1540 857 1627 accipit3

235 1648 320 1721 Mox,
343 1644 426 1706 terris
446 1643 565 1704 inhians
585 1643 797 1723 asperioribus,

315 1745 416 1806 Cantu
436 1744 498 1803 fors
518 1740 613 1802 nimio
634 1742 720 1802 iuret

863 1851 949 1927 1890.

154 2121 215 2199 Qui
235 2121 364 2201 clipeum
385 2122 496 2201 abjecit
516 2121 619 2184 medio
640 2100 676 2182 in
692 2120 856 2183 certamine
877 2119 992 2192 Martis,

194 2220 330 2280 Forsitan
350 2218 401 2278 ille
421 2216 481 2278 alio
502 2231 643 2304 tempore
660 2217 746 2278 miles
768 2217 822 2278 erit
833 2240 841 2293 3

153 2317 212 2378 Sed
233 2317 327 2378 semel
345 2315 378 2376 in
398 2335 500 2394 pugna
521 2315 546 2376 si
567 2316 633 2393 quis
655 2317 743 2377 cadat
764 2334 837 2377 ense
856 2327 990 2391 necatus,

193 2415 242 2476 Illi
262 2434 324 2476 uon
345 2414 451 2476 iterum
473 2433 573 2494 pugna
593 2434 652 2476 nec
671 2414 751 2476 ensis
773 2414 836 2475 erit.

905 2523 989 2598 1872.

112 2769 168 2829 Est
188 2765 259 2846 quia
277 2785 375 2829 caecus
397 2768 500 2838 Amor,
522 2783 620 2825 caecus
641 2782 764 2842 quoque
783 2781 906 2826 cernere
927 2759 1055 2826 Amator

152 2864 298 2928 stultitias
318 2864 430 2937 dulces,
453 2883 528 2941 quas
548 2863 658 2941 probat
679 2860 752 2940 ipse,
775 2859 888 2938 nequit.

944 2968 1029 3043 1895.

233 3228 317 3306 Quid
339 3248 407 3290 vera
427 3225 605 3307 paenitentia
625 3228 664 3288 'st
686 3223 742 3286 nisi
764 3226 844 3285 intus
865 3226 934 3286 est?

233 3331 278 3391 Ut
297 3346 337 3388 ne
358 3328 406 3391 vel
427 3324 494 3387 imis
515 3325 624 3387 mentis
645 3324 677 3385 in
697 3323 902 3407 penetralibus

232 3428 337 3488 Exstet
357 3423 468 3503 cupido
489 3443 589 3502 prava,
612 3425 731 3522 qualem
752 3422 926 3510 amavimus.

890 3533 990 3609 ‘1894
