2654 4470
266 407 305 464 70
594 391 742 452 INTER
750 391 901 453 VALLA.

264 546 419 607 solvuntur
439 545 794 624 linguae-memorantur
814 543 949 624 pristina,
971 566 1033 625 qua
1054 547 1084 608 a·

264 699 313 761 hic
334 703 378 760 vir
389 702 582 779 patronium,
604 721 666 780 qua
686 720 803 763 cancros
823 700 936 780 ceperit
955 700 1015 773 ille,

263 878 384 937 quaque
404 861 586 939 gubernator
605 880 734 934 cursum,
756 873 788 922 et
809 880 870 940 qua
890 860 1009 924 torserit
1030 863 1132 924 undas

265 1027 358 1078 nauta
377 1036 487 1078 manu:
516 1017 634 1094 quoties
654 1018 750 1079 fauste
771 1037 866 1095 pecus
886 1017 979 1097 egerit
999 1019 1108 1096 Aegon,

265 1183 295 1233 et
315 1173 451 1234 Morison
472 1171 609 1251 quoties:
638 1190 730 1248 quam
751 1170 845 1231 multa
865 1169 1032 1232 comederit
1053 1171 1133 1231 alter

265 1340 347 1407 terga
368 1332 471 1402 boum,
494 1340 568 1407 quot
589 1330 722 1390 lactucas
743 1327 965 1408 consumpserit
985 1329 1067 1390 alter.

306 1485 394 1546 Talia
412 1486 571 1563 Jactantur,
593 1485 666 1545 dum
688 1484 818 1545 fundunt
839 1503 907 1546 aere
927 1503 1041 1547 canoro

266 1643 433 1706 cornicines
453 1664 567 1706 musaea
587 1647 674 1718 mele,
696 1645 853 1722 lautasque
873 1643 999 1706 ministri

267 1815 437 1882 permutant
457 1806 569 1878 lances,
592 1815 622 1866 et
643 1823 728 1865 amor
747 1815 872 1882 pacatur
892 1802 1013 1866 edendi.

267 1964 431 2040 Postquam
451 1973 569 2024 eremta
590 1963 684 2023 sames
706 1961 863 2041 glacieque
883 1964 1004 2023 astricta
1024 1961 1154 2040 quiescit

268 2116 380 2180 ventris
401 2119 490 2196 inops
510 2116 617 2190 rabies,
639 2115 765 2195 assurgit
785 2136 894 2195 praeses
915 2128 1023 2178 amatae

270 2273 395 2353 Reginae
415 2274 447 2364 in
466 2276 597 2348 laudem,
619 2293 690 2336 mox
711 2273 861 2352 Principis
881 2286 972 2352 atque
993 2285 1161 2353 nepotum:

269 2434 330 2496 hoc
349 2431 541 2512 propinarchi
562 2432 679 2510 gravius
700 2433 869 2495 devolvitur
888 2451 940 2494 ore
1038 2455 1040 2459 ¹

268 2587 591 2656 votum-exoptamus
612 2575 699 2638 matri
720 2587 855 2654 natoque
876 2575 1004 2637 salutem

270 2737 301 2788 et
321 2723 399 2786 natis
419 2736 557 2787 natorum
578 2735 610 2786 et
631 2722 682 2801 qui
703 2735 865 2784 nascentur
884 2725 924 2785 ab
945 2721 1021 2797 illis;

270 2884 302 2935 et
322 2891 427 2935 vocem
450 2884 480 2936 et
501 2871 640 2952 proprios
661 2891 803 2963 numeros
824 2874 934 2934 chorus
954 2891 1049 2935 aereus
1069 2872 1164 2933 addit.

313 3023 379 3084 Nec
399 3041 588 3084 mora-non
609 3021 669 3082 alio
689 3033 835 3100 poscente
856 3021 1035 3083 adhibemus
1056 3021 1207 3082 honorem

272 3190 349 3249 quos
370 3175 449 3234 Fora
468 3192 545 3251 quos
567 3172 728 3235 Cathedrae
748 3191 946 3250 quoscunque
968 3173 1105 3234 Ecclesia
1123 3173 1224 3250 jactat

272 3319 397 3399 remigio
417 3319 567 3400 insignes:
595 3321 652 3382 hac
673 3318 788 3381 scilicet
808 3331 872 3381 arte
892 3318 994 3382 doceri

272 3468 348 3546 quid
365 3470 423 3547 jus,
445 3468 518 3547 quid
538 3471 637 3532 valeat
657 3469 753 3530 sancti
773 3471 940 3530 reverentia
960 3480 991 3530 et
1012 3466 1109 3545 aequi.
