2654 4470
388 492 390 495 .
441 428 760 492 SCHOLASTICA.

85 784 90 794 Ι
149 819 191 879 To
204 819 251 878 the
262 818 333 879 Rev.
344 815 392 877 H.
418 817 461 876 W.
476 816 569 890 Mors,
585 816 677 876 Head
686 816 805 878 Masta
815 814 853 891 os
859 814 1060 891 Shrewsbury.

125 965 283 1025 Musarum
304 962 392 1024 sedes
413 945 539 1033 dilecta.
553 958 686 1037 Salopia,
707 960 806 1022 salvei

166 1063 255 1127 Clara
274 1059 359 1122 domi
379 1069 470 1138 atque
490 1056 570 1130 foris,
591 1058 704 1136 grande
722 1056 845 1119 facessis
865 1075 951 1135 opus.

124 1160 220 1236 Quod
246 1176 352 1236 precor
374 1157 457 1218 haud
479 1157 603 1234 “opus'’
627 1166 681 1228 est,
703 1155 758 1217 sed
778 1167 820 1225 ut,
843 1152 892 1216 hic
912 1173 962 1216 me
981 1153 1084 1233 judice

167 1261 295 1415 Lusgggs
306 1352 344 1418 sit
364 1351 473 1431 pueris,
496 1352 575 1412 alma
595 1349 730 1424 Sabrina,
752 1349 819 1413 tuis.

658 1491 796 1552 Summer
813 1492 936 1566 Assizcs,
957 1495 1042 1554 1888.

297 1968 299 1972 ⁷
338 1937 469 1998 Anmer
474 1937 558 2014 from
576 1937 623 1998 the
640 1937 732 1998 Head
747 1939 873 1998 Mastcr.
974 1918 976 1921 ¹
1083 1943 1086 1950 '

125 2087 225 2167 Judex
245 2087 343 2161 docte,
366 2099 450 2148 tuum
472 2106 585 2175 nomen
605 2106 676 2148 cum
696 2086 779 2150 venit
799 2089 839 2149 ad
859 2107 953 2160 aures,

168 2188 242 2246 Heu
262 2183 400 2246 meminit
420 2183 515 2246 cladis
535 2196 640 2246 maesta
660 2184 786 2279 Sabrina
807 2205 887 2247 suae:

128 2285 269 2362 Namque
290 2280 345 2343 tibi
366 2283 481 2343 laurum
503 2282 586 2344 dedit
608 2282 681 2343 olim
703 2285 817 2345 Granta
837 2285 966 2361 priorem
977 2303 986 2357 ;

40 2443 45 2448 ,
168 2381 274 2443 Laude
294 2392 398 2442 tamen
418 2381 527 2459 diguus
548 2392 650 2460 noster
669 2383 809 2442 alumnus
831 2392 894 2442 erat
905 2403 913 2455 3

128 2480 216 2540 Idem
236 2489 337 2558 gratus
357 2479 431 2540 ades
440 2501 449 2554 5
477 2488 609 2540 veterem
630 2497 692 2539 non
714 2478 826 2541 deseris
846 2489 940 2540 artem
951 2501 959 2555 ;

169 2581 247 2644 Cara
266 2577 357 2657 prius,
379 2596 461 2639 nunc
481 2589 527 2638 est
547 2596 617 2637 cara
638 2579 786 2639 Camoena
806 2575 879 2651 tibi;

39 2695 42 2701 ·
128 2674 237 2754 Diligis
258 2688 287 2736 et
308 2693 417 2754 pueros
440 2676 595 2735 Musarum
617 2693 699 2734 sacra
720 2676 866 2744 colentes,

169 2775 301 2853 Otiaque
321 2771 392 2834 huie
412 2775 508 2835 turbae
528 2774 583 2835 das
603 2773 714 2852 quibus
734 2772 800 2852 ipse
821 2793 912 2835 cares.

128 2872 269 2933 Reddere
291 2870 315 2931 si
336 2888 478 2949 cuperem
500 2874 518 2904 “
529 2870 638 2943 Nolo,''
660 2869 714 2932 tibi
735 2870 785 2932 vix
806 2889 862 2949 ego
883 2888 1005 2948 possem
1015 2892 1024 2944 ;

156 2969 315 3031 Scriberet
335 2965 430 3028 invito
450 2985 500 3028 me
521 2986 590 3028 mea
611 2968 716 3030 dextra
737 2967 871 3030 “vols”

871 3105 912 3163 H.
928 3103 974 3163 W.
991 3104 1035 3164 M.

813 3252 836 3286 a.
848 3235 873 3285 d.
888 3235 931 3285 xii.
944 3234 1004 3285 Kal.
1019 3235 1088 3285 Sext.
