2654 4470
328 404 428 465 cur.
461 402 795 464 Wouusworrrr
1001 418 1039 477 33

202 561 250 619 Tu
275 558 348 619 soris
371 557 470 630 robur,
496 555 645 636 placidam
669 557 801 634 quietem

201 659 249 717 Tu
274 656 357 718 domi
381 654 511 734 largiris3
541 667 572 717 et
597 666 641 716 est
666 654 747 716 beati

202 751 355 830 Quicquid
378 751 409 812 in
432 751 525 824 terris,
550 762 636 812 tuum
659 750 691 813 id
711 762 765 812 est.
810 750 928 814 Dedisti

649 849 762 912 Omnia
785 850 881 912 nobis.

202 997 322 1058 Fraude
345 995 487 1074 purgatis,
513 996 625 1057 scelere
648 995 793 1057 absolutis

201 1094 277 1172 Spes
299 1093 351 1154 ubi
375 1091 458 1154 fulsit
479 1103 625 1154 renovata
648 1091 723 1165 caeli,

203 1189 294 1266 Quid,
319 1192 413 1263 Deus,
438 1188 512 1267 quid
534 1190 605 1252 dem
628 1187 699 1252 Tibi
722 1189 774 1269 qui
799 1189 909 1253 dedisti

650 1288 763 1350 Omnia
784 1289 895 1352 nobis?

202 1435 295 1515 Quod
319 1435 466 1515 voluptati
490 1429 782 1515 deder0‚'mihique,

203 1533 331 1597 Perdidi.
376 1534 407 1596 Si
430 1533 504 1612 quid
525 1533 596 1594 Tibi
620 1537 798 1608 consecrato

201 1632 291 1694 Vivet
315 1643 461 1694 aeternum
484 1630 565 1692 mihi.
607 1634 656 1692 Tu
679 1630 788 1692 dedisti

618 1813 620 1817 y
649 1729 762 1791 Omnia
785 1730 881 1792 nobis.

149 1934 151 1938 .
203 1881 304 1952 Dona,
330 1898 398 1956 quae
424 1876 511 1938 vivus
535 1876 606 1938 Tibi
630 1879 835 1952 commodem,

203 1976 315 2037 Millies
336 1977 463 2054 posthac
488 1986 643 2036 numerata
664 1977 773 2037 reddes
783 1997 792 2050 3

203 2074 287 2152 Quid
308 2074 455 2135 recusabo
475 2072 556 2146 Tibi,
579 2072 630 2151 qui
651 2073 762 2135 dedisti

649 2170 761 2232 Omnia
784 2169 894 2233 nobis?

201 2322 230 2383 0
256 2323 351 2394 Deus,
373 2321 420 2381 Te
442 2318 655 2399 suppeditante
677 2340 746 2381 curn
771 2320 830 2382 sint

202 2417 341 2495 Vimque,
366 2427 398 2477 et
421 2417 512 2489 dona,
539 2427 569 2478 et
594 2417 666 2478 dare
690 2418 775 2494 quod
797 2419 942 2481 valemus.

200 2516 309 2578 Vivere
333 2535 352 2577 ο
380 2513 418 2575 sit
443 2516 490 2576 Te
514 2533 616 2593 prope,
639 2514 692 2592 qui
715 2513 827 2576 dedisti

649 2612 763 2675 Omnia
783 2613 878 2674 nobis.
973 2669 976 2675 .

687 2736 689 2742 ¹
816 2771 841 2814 c
869 2755 953 2832 1875.

232 3136 234 3140 Ι
289 3057 357 3133 Ego
376 3075 441 3115 sum
462 3057 513 3117 uia
532 3061 561 3114 et
578 3055 687 3116 uen'tas
707 3061 735 3113 et
753 3055 824 3116 vita.

78 3197 127 3256 Tu
147 3198 210 3256 Vra
230 3194 349 3258 Christe
369 3207 473 3273 pates;
500 3214 554 3274 per
573 3197 628 3268 Te,
651 3195 700 3255 via
719 3195 785 3256 sola
804 3195 917 3270 salutis,

120 3296 146 3351 A
167 3304 264 3354 morte
284 3303 396 3354 aeterna
415 3291 652 3371 criminibusque
671 3293 741 3370 suga
761 3302 816 3366 est,
1036 3363 1040 3370 ⁴

79 3390 165 3451 Etsi
185 3391 234 3451 cui
255 3389 388 3451 studium
410 3402 455 3452 est
475 3391 516 3451 ad
537 3409 687 3452 summum
708 3390 853 3452 accedere
874 3392 1003 3464 Patrem,

120 3488 176 3549 Ille
196 3489 348 3567 perhanc
369 3507 461 3549 unam
482 3487 599 3566 cogitur
618 3488 661 3550 ire
681 3487 770 3549 viam.

159 3625 189 3667 1³·
937 3629 955 3687 s
