2654 4470
166 501 169 504 Ι
283 425 322 487 52
612 407 909 469 Jurrnvrrrr

288 639 330 698 To
350 639 399 698 the
412 639 485 700 Rev.
500 640 535 717 J.
557 639 606 700 M.
628 640 791 715 Marshall,
812 643 905 701 Head
918 643 1037 702 Master
1055 644 1254 730 osDurlram

617 739 785 801 Grammar
802 741 908 802 Setoot

366 867 446 930 Ludi
467 868 607 947 magister
627 869 742 948 optime
763 869 884 932 illustris
904 871 1035 935 scholae!

366 967 448 1028 Audi
468 966 617 1046 benigne!
660 972 719 1043 Da,
740 989 856 1048 precor,
877 969 1068 1033 studentibus

368 1064 470 1127 Pueris
491 1085 597 1129 vacare
617 1069 792 1145 paullulum,
814 1081 848 1130 nt
868 1088 968 1148 gnavo
989 1069 1083 1149 magis

366 1164 474 1226 Studio
494 1162 650 1259 magisque
669 1167 831 1244 gaudeant,
852 1164 928 1245 grati
949 1166 1014 1239 tibi,

368 1261 514 1339 Gratique
534 1273 619 1342 grato
639 1262 742 1342 judici,
765 1265 828 1342 qui,
847 1265 911 1342 jam
933 1284 1032 1338 senex,

367 1348 499 1422 Puerum
518 1361 610 1424 fuisse
630 1381 663 1424 se
684 1380 806 1441 qnoque
826 1364 908 1425 haud
929 1362 1040 1425 oblitus
1060 1376 1114 1426 est.

568 1522 571 1527 .
591 1494 614 1529 a.
629 1479 655 1529 d.
666 1479 700 1529 vi.
713 1478 773 1528 Kal.
787 1477 865 1528 Mart.
878 1479 912 1528 A.
925 1479 953 1531 S.
966 1492 1179 1555 uneccuxmx.

290 1698 331 1804 j'o
343 1744 403 1806 Mr
410 1745 535 1817 Brown,
545 1744 638 1804 Head
647 1746 767 1805 Mastcr
774 1744 812 1821 of
818 1744 946 1822 Ipswich
960 1745 1128 1806 Grammar
1136 1743 1251 1820 School,

368 1843 480 1920 during
490 1845 537 1904 the
551 1843 664 1920 Spring
674 1844 791 1904 Assius
808 1844 885 1921 1890
900 1839 965 1922 (one
977 1843 1014 1919 of
1018 1843 1067 1903 his
1072 1844 1177 1921 pupils
1189 1844 1259 1905 lead

360 1943 431 2018 just
441 1943 577 2003 obtained
587 1963 606 2002 a
617 1943 784 2021 goodprize
795 1951 830 2003 at
844 1940 983 2022 Oxsord).

370 2073 452 2135 Audi
473 2074 618 2154 Magister
639 2074 755 2153 optime
776 2075 917 2152 Antiquae
938 2076 1072 2161 Scholael

370 2173 452 2235 Audi
473 2186 647 2252 precantem
669 2175 828 2253 Judicem!
864 2176 994 2238 Cessant'
1014 2175 1106 2247 nives,

372 2272 494 2333 Cedunt
513 2269 645 2350 pruinae:
675 2273 739 2334 sole
757 2273 820 2350 jam
841 2273 930 2333 tellus
951 2273 1027 2333 calet
1037 2293 1046 2346 ;

372 2367 521 2448 Crocique
542 2370 573 2430 in
595 2370 689 2431 hortis
710 2367 906 2448 primulaeque
926 2369 1104 2449 germinant,

371 2467 494 2526 Terram
515 2476 549 2525 ut
570 2465 686 2527 decoris
706 2465 864 2544 gemmulis
886 2485 1019 2544 sparsam
1040 2479 1135 2545 putes.

372 2564 430 2623 Per
449 2573 533 2641 prata
554 2563 664 2622 saltant
685 2562 821 2641 undique
842 2582 987 2641 agnorum
1008 2564 1101 2642 pedes
1111 2585 1119 2638 ;
1179 2598 1181 2601 ·

370 2658 543 2738 Aviumque
562 2679 654 2722 voces
675 2660 767 2721 corda
786 2659 897 2738 gaudio
917 2662 1035 2739 replent
1046 2682 1056 2735 ;
1172 2711 1176 2718 .

372 2759 518 2819 Naturam
540 2769 571 2819 et
590 2757 686 2837 ipsam
706 2759 769 2820 Ver
789 2760 884 2820 redux
903 2761 1002 2821 laetam
1022 2759 1101 2821 facit.

373 2859 453 2935 Ergo
474 2856 604 2936 benigne
625 2858 709 2936 quod
728 2877 803 2936 rogo
823 2871 946 2936 praestes
967 2858 1050 2932 mihi,

373 2954 484 3018 Mediis
504 2956 623 3016 notanti
644 2956 716 3017 talia
735 2955 768 3018 in
787 2957 949 3031 laboribus,

374 3055 428 3128 Ut,
449 3051 535 3131 queis
556 3054 675 3116 fruebar
694 3066 794 3133 gratus
814 3053 879 3133 ipse
899 3055 971 3116 olim
991 3075 1072 3134 puer,

372 3149 460 3212 Pueri
481 3152 614 3211 fruantur
634 3150 721 3213 feriis
765 3151 815 3213 Sic
836 3163 867 3214 te
887 3154 995 3214 lubens

374 3248 562 3326 Rhedycina,
584 3260 618 3310 ut
638 3249 738 3323 hodie,
760 3270 840 3330 saepe
860 3249 1003 3313 victorem
1025 3264 1125 3325 vocet,

372 3348 554 3425 Grantaeque
574 3366 628 3426 per
649 3360 679 3410 te
699 3348 793 3428 gloria
813 3361 963 3411 accrescat
983 3354 1077 3412 meae!

1081 3467 1169 3542 1890.
