2654 4470
222 426 259 480 4²
551 407 701 467 INTER
709 406 850 467 VALLA

287 575 329 634 To
350 592 397 650 my
417 573 485 646 Son,
511 572 549 633 G.
571 574 606 633 L
629 575 683 645 D,
705 591 742 632 on
764 574 903 650 receiving
910 575 996 652 from
1017 576 1078 634 him
1099 597 1119 634 o

317 699 319 703 ·
421 671 518 731 school
533 680 599 748 copy
619 671 657 748 eff
669 671 762 730 Latris
783 673 978 732 Hexametm.

265 799 405 860 Gratulor
428 799 615 861 hexametros
640 811 670 861 te
694 799 900 878 composuisse
924 819 1059 873 canoros,

306 896 449 960 Carmina
471 896 496 957 si
520 907 572 957 tua
592 907 670 970 sunt,
692 914 756 956 nou
777 895 883 970 aliena,
904 915 986 974 puer.

266 995 369 1056 Scribe
389 993 497 1055 iterum
518 992 543 1055 si
564 992 617 1067 vis,
640 992 772 1054 numeris
794 1013 847 1055 seu
868 1005 898 1055 te
916 995 1001 1072 juvat
1022 993 1066 1055 uti

306 1090 437 1154 Nasonis
458 1093 556 1152 Musae
577 1091 629 1170 qui
651 1093 788 1170 placuere
808 1091 875 1165 levi,
953 1077 957 1083 ¹

265 1191 324 1250 Seu
348 1189 442 1267 magis
464 1200 510 1250 est
533 1187 618 1250 cordi
643 1208 785 1267 magnum
811 1189 946 1252 sonuisse
973 1191 1141 1263 Maronem,

306 1289 366 1349 Seu
387 1289 487 1348 Flacci
507 1287 631 1366 graciles
652 1298 711 1347 stat
732 1307 875 1349 renovare
898 1289 1024 1362 modos;

267 1385 371 1447 Scribe
391 1385 507 1456 iterum,
528 1385 554 1446 si
574 1385 628 1458 vis,
651 1383 873 1464 epigrammata,
896 1384 958 1446 sive
979 1384 1119 1463 placebit,

309 1482 610 1562 chdecasyllabicis
631 1484 795 1561 exspatiere
815 1484 900 1563 iocis.

269 1582 314 1644 Sis
336 1585 443 1658 Maro;
471 1581 512 1644 sis
533 1584 635 1656 Naso;
662 1581 702 1643 sis
726 1585 814 1642 Musa
835 1595 975 1660 proterva
995 1581 1125 1654 Catulli;

310 1681 453 1744 Carmina
472 1691 555 1759 grata
576 1669 641 1741 seni
663 1679 884 1758 qualiacunque
904 1678 989 1758 patri.

636 1785 639 1792 ’
974 1796 998 1837 c.
1020 1778 1103 1851 1870.

555 2018 675 2077 Porculi
694 2018 726 2076 in
747 2017 863 2076 obt'tum.

272 2148 407 2226 Turgida
424 2148 487 2225 jam
507 2147 610 2208 flendo
633 2159 703 2208 sunt
724 2145 838 2207 lumina
858 2146 930 2208 bina
950 2143 1102 2220 Sarahae¹3

215 2261 216 2265 ’
289 2236 290 2239 “
313 2245 511 2325 Obruta'jam
531 2247 626 2308 nimio
646 2247 740 2325 Jana²
760 2247 864 2308 dolore
886 2247 1003 2319 sedet;.

273 2345 382 2406 Ambae
403 2330 569 2416 Carlottae⁸‚
591 2355 746 2420 materque
767 2354 798 2404 et
819 2340 887 2417 filia,
909 2344 1030 2420 lugent,

313 2441 506 2516 Vilhelmus⁴,
530 2439 686 2515 Francus⁶,
710 2437 978 2503 Gratia⁰-cuncta
999 2439 1111 2500 dolent.

276 2541 420 2602 Porculus
440 2556 458 2600 e
478 2538 539 2600 vita
559 2536 690 2599 decessit
711 2537 865 2599 amabilis!
908 2539 1011 2608 Eheu,

316 2641 444 2701 Porcule
464 2639 569 2711 dulcis,
590 2635 674 2698 humi
695 2656 804 2715 corpus
825 2636 914 2698 inane
933 2639 1033 2715 jaces!

277 2741 349 2801 Non
370 2737 476 2800 iterum
498 2735 587 2815 nigris
607 2737 670 2814 jam
694 2733 870 2796 scintillabis
891 2734 1003 2806 ocellis,

317 2835 464 2898 Grunniet
484 2834 564 2895 haud
585 2833 691 2894 iterum
712 2851 773 2892 vox
793 2842 853 2905 tua,
876 2849 966 2891 suave
987 2830 1089 2891 melos.

277 2937 349 2996 Non
370 2932 473 3012 apium
493 2950 593 2992 rursus
614 2949 671 2991 nec
696 2930 798 2990 suavia
822 2946 913 3007 poma
934 2927 1107 3005 placebunt,

318 3028 432 3093 Arturi⁷
455 3028 511 3090 tibi
535 3047 603 3106 quae
627 3027 749 3105 protulit
772 3027 853 3086 alma
874 3044 1000 3085 manus.-

279 3132 351 3191 Non
375 3131 483 3191 iterum
505 3145 605 3187 mures
628 3136 733 3186 contra
756 3143 890 3203 pugnare
912 3142 1043 3202 rapaces,

319 3229 364 3290 Ut
386 3225 474 3306 princ,
500 3224 628 3286 ardebis.
672 3224 799 3283 Porcule
823 3241 900 3295 care,
927 3222 1010 3282 vale!

320 3348 328 3381 ¹
347 3349 403 3400 The
415 3347 498 3399 Cook.
821 3341 832 3374 ²
848 3343 904 3393 The
916 3339 1080 3392 Housemnid.

320 3431 332 3466 ³
349 3432 403 3483 Mis
413 3431 464 3482 and
476 3430 540 3482 Miss
552 3431 586 3480 D.
820 3424 831 3458 ⁴
846 3425 903 3475 The
916 3426 1048 3474 Footman.

318 3510 335 3568 ,⁶
352 3514 414 3566 Son.
578 3507 589 3542 ⁰
606 3508 744 3574 Daughter.
909 3504 920 3538 ⁷
938 3503 1038 3556 Second
1051 3501 1124 3556 Son.v
