2654 4470
179 450 215 507 7²
506 432 656 495 INTER
664 432 814 495 VALLA.

177 588 247 665 Ipse
266 585 347 649 viros
368 595 505 651 nument
525 587 698 666 laudatque,
719 597 752 647 et
771 585 859 650 fortia
878 597 980 648 namt

175 792 249 853 dum
269 791 356 865 facta,
377 788 409 853 in
429 788 563 853 medium
584 789 762 854 mirantibus
781 790 925 854 ommhrz
946 791 1036 856 effert

174 1015 236 1073 qua
255 998 358 1058 tunica
376 995 501 1059 indutus
522 995 641 1068 sudavit
661 997 833 1078 Episoopus
853 997 936 1060 olim.
1052 1085 1055 1090 Ι

177 1208 357 1286 Respondet
377 1204 491 1284 primur
512 1205 620 1285 triplici
641 1205 693 1286 qui
713 1207 822 1270 robore
841 1218 873 1270 et
893 1226 953 1270 aere

176 1425 282 1492 pectus
303 1416 396 1477 habet
416 1413 575 1491 munitum,
597 1426 631 1477 ut
651 1417 720 1494 equi
742 1413 872 1478 labentis
891 1414 923 1477 in
943 1418 1048 1496 iprum

175 1619 309 1698 pondere
329 1619 474 1682 contritus
495 1632 598 1683 tamen
618 1620 811 1682 assurrexerit
832 1633 923 1698 atque
943 1620 990 1682 his

173 1828 288 1892 intersit
308 1828 446 1908 dapibus,
467 1830 560 1892 durus
581 1828 709 1908 durique
730 1814 842 1892 laboris

172 2032 298 2096 clericus
320 2032 419 2095 officio
439 2051 493 2111 per
513 2034 621 2112 longos
642 2032 765 2095 deditus
785 2053 893 2096 annos.

174 2231 327 2312 proximus
347 2231 418 2294 huic
437 2232 546 2310 Judex‚
570 2251 631 2310 quo
651 2249 709 2294 nec
730 2232 895 2296 servantior
915 2232 995 2313 aequi

174 2445 232 2487 nec
253 2423 348 2503 magis
368 2424 518 2485 humanus
540 2442 601 2502 quo
621 2424 718 2503 quivis
738 2437 891 2504 provocet,
913 2428 1008 2497 alter3

174 2608 286 2668 blanda
307 2606 372 2669 viro
393 2605 638 2686 species-mens
658 2618 741 2670 recta
761 2606 793 2667 in
814 2577 940 2685 corpere
960 2617 1091 2668 recto-

174 2803 206 2854 et
225 2792 335 2871 pariter
355 2793 457 2854 studio
477 2768 628 2872 remisque
648 2793 778 2856 exercita
798 2792 901 2855 virtus.

175 2981 270 3041 Hunc
291 2979 424 3058 sequitur
444 2981 547 3041 erebra
567 2995 655 3042 natus
677 2981 716 3043 de
735 2993 826 3060 gente
846 2982 1013 3044 Fabrorum

174 3169 329 3231 consultus
349 3167 430 3246 juris,
452 3187 543 3247 quem
564 3188 695 3232 mersum
716 3170 840 3232 flumine
861 3171 1017 3249 quondam
1048 3253 1050 3259 ῃ

175 3348 309 3427 ignarum
331 3349 426 3411 nandi
445 3345 554 3427 eripuit
575 3368 639 3412 sors
659 3349 770 3426 invida,
792 3351 887 3411 fatum

173 3535 241 3613 quis
262 3533 319 3595 scit
339 3553 379 3595 an
399 3544 433 3596 ut
453 3532 583 3596 sublime
603 3534 697 3613 magis
719 3546 853 3596 servatus
874 3534 995 3596 obiret?
