2654 4470
449 437 767 502 SCHOLASTJCA.

548 629 683 687 Answer.

213 759 250 832 Ο,
272 770 419 837 quantum
440 771 485 820 est
505 757 663 818 hominum
684 755 879 818 otiosiorum!

213 859 277 918 Vos
297 856 452 932 attendite,
471 855 607 934 judicare
628 854 702 932 quid
723 853 770 916 sit.

214 957 263 1016 En
283 956 383 1033 judex
402 967 488 1034 rogat
510 958 569 1015 “ut
590 966 676 1015 vacet
695 955 865 1032 juventus,’'

214 1051 278 1131 Ipsi
298 1064 332 1115 ut
353 1051 490 1132 “gratior
511 1053 586 1114 hora
606 1051 645 1113 sit
664 1052 776 1112 laboris
785 1052 820 1129 ”3

214 1154 335 1230 Nempe
357 1156 374 1184 ‘⁴
384 1171 505 1214 cernere
526 1168 617 1212 suave
627 1151 644 1177 '’
666 1149 723 1229 (sic
743 1152 857 1233 poeta),
904 1176 907 1182 ·

216 1257 234 1286 ‘⁴
243 1252 337 1327 Queis
359 1251 486 1330 quisque
506 1251 572 1330 ipse
593 1264 683 1326 caret,
705 1251 801 1314 virssm
822 1252 968 1314 labores.''

215 1343 375 1412 AEternuni
396 1350 569 1428 sedeatque,
590 1350 689 1430 sitque
710 1349 788 1424 felix,

213 1448 313 1526 Judex
332 1447 385 1526 qui
406 1434 505 1526 pueris
526 1448 579 1510 dat
600 1448 704 1510 otiari!

795 1545 832 1607 G.
856 1548 1010 1609 menc.

150 1863 192 1922 To
205 1861 252 1921 the
264 1863 335 1951 Rev.
342 1865 412 1941 sas.
428 1862 596 1933 Robmson,
612 1863 705 1921 Head
715 1863 835 1922 Master
845 1861 883 1938 os
889 1862 1081 1937 Halkybury.

380 1994 492 2056 Audias
514 1967 658 2072 Magister

379 2093 464 2153 Neve
484 2089 525 2152 sis
545 2090 680 2153 sinister!

378 2255 448 2330 Jam
469 2271 523 2330 per
543 2253 620 2314 duos
641 2272 761 2315 menses

381 2349 645 2428 Haileyburienses

380 2448 510 2510 Fortiter
529 2450 684 2510 laborant:

380 2551 461 2626 Ergo
482 2548 536 2608 des
557 2549 641 2626 quod
662 2559 791 2609 orant-

381 2645 490 2705 Schola
510 2663 550 2705 ne
570 2643 718 2717 includas,

380 2743 440 2803 Sed
462 2754 493 2804 et
513 2741 578 2821 ipse
598 2743 693 2803 ludas.
787 2815 789 2821 Ι

382 2842 489 2902 Hebes
509 2852 554 2901 est
576 2852 607 2901 et
627 2841 735 2914 lentus,

382 2940 463 2998 Tota
482 2938 532 2999 cui
550 2941 703 3017 juventus,

382 3037 509 3099 Cunctae
529 3035 578 3096 cui
598 3038 700 3098 labore

382 3135 609 3196 Consumuntur
628 3137 720 3196 horae.

383 3299 463 3374 Ergo
483 3309 569 3358 vacet
590 3295 691 3375 pensis

384 3393 660 3473 Haileyburiensisl

490 3523 636 3598 Hertford
649 3536 777 3613 Assizes‚
792 3539 911 3613 March,
930 3541 1016 3600 1888.

939 3683 1017 3736 4-2
