2654 4470
423 454 679 527 TENNYSON,
709 457 768 517 &a

155 678 186 742 Si
206 683 330 762 quando
350 680 382 742 in
403 679 501 743 tacitis
521 679 632 742 delicta
652 680 750 743 aliena
770 679 895 743 susurris

196 779 307 842 Coram
327 780 385 841 sele
406 798 466 839 una
486 796 608 840 mureve
628 778 704 839 forte
725 790 807 851 noto,

115 883 116 887 ’
154 875 212 936 Vel
233 894 351 937 mecum
371 875 487 937 arcanis
507 875 615 952 loquor
634 873 666 934 in
686 873 897 953 penetralibus,
918 876 980 937 alto

193 971 264 1032 Vox
284 991 320 1034 ea
340 973 380 1033 de
400 971 473 1033 tecti
493 969 626 1032 culmine
645 971 725 1031 clara
744 972 826 1032 boat.

902 1115 989 1191 1894,

477 1581 565 1641 Mors
584 1588 612 1640 ct
630 1584 701 1641 vita.

154 1730 345 1790 Inconsultus
366 1747 468 1802 norw,
489 1729 636 1809 quidum
657 1731 731 1808 fugit
751 1732 825 1794 hora
845 1731 983 1804 vicissim,

120 1886 123 1892 .
193 1825 332 1888 Donniat
351 1836 394 1902 ut,
413 1825 484 1906 vigil
505 1838 567 1902 est,
596 1837 630 1888 ut
650 1828 801 1904 moriatur,
823 1828 902 1908 agit,

154 1927 277 1987 Haecce
297 1924 350 1986 ubi
371 1924 431 1987 vita
451 1927 541 2005 fugax
560 1946 680 1988 cursum
701 1929 871 2000 confecerit,
893 1927 974 1990 idern

192 2022 237 2082 Ut
257 2020 338 2082 vivat
357 2021 489 2096 moritur,
512 2043 569 2084 nec
590 2023 748 2085 moriturus
762 2011 841 2086 obit.

940 2150 1026 2226 1894.

504 2575 572 2650 lpse
590 2575 678 2636 oeni!
755 2542 758 2548 Ι

63 2714 72 2732 ’
151 2719 300 2796 Concilio,
322 2719 423 2800 pontis
444 2722 493 2783 cui
514 2723 623 2783 tradita
642 2743 714 2784 cura
734 2724 848 2796 tuendi,

191 2819 236 2879 Ut
256 2819 356 2881 bonus
376 2818 502 2893 intersis,
524 2817 675 2898 posceris,
703 2821 768 2900 ipse
789 2820 875 2883 veni!

151 2917 232 2976 Nam
252 2927 359 2994 quarto
381 2917 487 2978 Nonas
507 2917 693 2979 concurritur
712 2929 782 2980 ante
804 2919 1000 2994 Novembres,

191 3012 309 3074 Saturni
330 3011 464 3075 medium
485 3015 548 3093 sole
569 3025 692 3076 tenente
713 3013 803 3077 diem.

150 3112 364 3186 Quaerendum
386 3132 426 3173 an
446 3111 547 3191 prosit,
568 3131 674 3172 causas
695 3113 807 3174 Diffille
827 3115 951 3188 ferente,

190 3210 328 3272 Sternere
348 3229 426 3288 quos
446 3209 544 3271 tenuis
564 3221 698 3288 permeat
718 3230 790 3272 aura
810 3215 907 3274 tubos.

152 3309 244 3367 Hanc
263 3306 384 3370 Scribae
404 3307 528 3370 mittunt
548 3307 647 3383 Fabri,
669 3309 792 3389 natique
812 3322 964 3390 paterque,

191 3403 253 3482 Qui
273 3405 401 3466 multum
423 3417 524 3484 pastor
544 3418 576 3468 te
595 3409 759 3471 reverende
778 3410 889 3470 colunt.
