2654 4470
203 444 241 500 74
528 428 677 487 INTER
686 427 837 487 VALLA.

242 582 379 646 Poscitur
400 595 429 647 et
449 596 526 646 terra
546 583 663 663 pridem
685 593 820 662 spectata
841 583 985 663 marique,

200 773 231 823 et
252 781 306 823 sua
327 781 394 842 quae
415 772 530 823 tantum
552 761 712 823 meditatur
732 763 834 840 praelia
853 761 963 825 virtus:

200 922 278 984 temi
297 924 483 1002 respondent
504 925 613 985 Etonae
633 922 735 985 matris
757 925 922 999 alumni,-

201 1087 386 1168 Reginaldus
406 1099 491 1151 atrox
510 1109 602 1168 quem
623 1090 717 1153 sensit
738 1090 867 1152 Taurica
887 1092 976 1155 tellus

200 1255 309 1318 robore
333 1257 466 1317 Taurino
485 1253 638 1330 invictum,
661 1254 711 1315 cui
733 1257 869 1317 Sarmata
889 1255 995 1317 cessit:

201 1431 312 1511 excipit
332 1433 422 1504 hunc,
443 1429 580 1507 quamvis
600 1431 689 1492 rebus
712 1450 775 1492 non
795 1428 859 1509 ipse
880 1429 1002 1491 marinis

201 1603 330 1676 deditus,
352 1613 383 1663 at
404 1603 510 1664 saltem
530 1601 689 1662 nauarchis
710 1601 830 1663 acribus
851 1621 921 1664 acer

202 1786 356 1856 cognatus,
378 1776 482 1836 crebra
503 1774 610 1836 metuit
630 1794 722 1853 quem
743 1777 831 1836 classe
848 1779 990 1854 juventus

201 1938 303 2013 divisa,
329 1937 453 2000 Henrici
474 1938 569 1998 fasces
590 1947 621 1997 et
642 1947 760 2014 sceptra
780 1949 952 2015 gerentem:

201 2121 231 2170 et
252 2120 295 2182 tu,
317 2106 452 2170 militiam
472 2119 629 2169 senserunt
651 2128 713 2187 quo
734 2109 812 2172 duce
832 2108 959 2190 primam

193 2279 288 2357 Ἀρες,
304 2279 399 2359 Ἄρες,
420 2280 505 2360 pueri
525 2279 695 2357 innocuam,
718 2282 905 2362 patriamque
926 2285 1002 2349 tueri

200 2463 383 2528 assuescunt,
407 2452 512 2532 positis
531 2453 716 2515 Thamesino
737 2454 768 2516 in
789 2456 922 2536 margine
943 2461 1055 2521 castris.

242 2634 323 2694 Tum
344 2633 467 2695 demum
487 2645 625 2696 auctores
645 2634 734 2713 primi
754 2636 926 2698 certaminis
945 2636 1028 2717 ipsos

202 2801 312 2863 excitat
333 2811 364 2863 et
384 2802 496 2864 salvere
515 2802 602 2879 jubet
624 2802 831 2864 Denmanius:
859 2822 966 2866 omnes

201 2973 379 3035 infremuere
398 2970 460 3045 viri,
483 2974 513 3055 et¹
534 2971 686 3034 numerosi
707 2974 860 3035 adduntur
880 2975 1017 3036 honores.

201 3150 276 3210 Tres
297 3147 420 3211 aderant
441 3147 611 3221 venerandi,
635 3160 665 3210 et
686 3169 741 3227 pro
763 3170 796 3212 se
816 3150 945 3230 quisque
965 3153 1135 3230 loquuntur

201 3345 315 3406 proque
335 3327 405 3400 suis,
427 3343 504 3403 quos
524 3325 689 3388 distinuere
710 3327 832 3406 negotia
852 3329 950 3408 longe,

201 3510 254 3561 aut
275 3497 385 3578 quibus
406 3497 542 3578 Elysium
563 3518 663 3560 remus
680 3501 744 3576 jam
765 3500 901 3560 verberat
922 3517 1060 3560 amnem:
